3322 5290
739 470 781 534 53

199 698 328 784 capitis
363 699 709 786 duodenenagesimi
744 739 788 746 —
821 699 871 786 „si
894 698 1039 785 pictura
1061 700 1206 785 defecit,
1231 723 1314 768 cum

199 830 365 901 omnibus
397 832 464 901 diis
487 831 766 920 hominibusque
789 832 983 902 formosior
1004 832 1173 901 videatur
1195 855 1314 902 massa

198 966 294 1052 auri,
338 987 447 1054 quam
481 966 658 1056 quioquid·
691 967 837 1052 Apelles
870 967 1107 1056 Phidiasque,
1143 966 1314 1036 Graeculi

198 1100 412 1185 delirantes
436 1099 636 1172 facerunt.”
660 1101 777 1169 Immo
804 1104 865 1187 „ut
890 1099 1060 1170 Graeculi
1086 1100 1314 1185 delirantes'',

197 1256 282 1301 nam
317 1233 464 1302 omnino
500 1233 659 1302 alienum
695 1237 749 1302 est
784 1234 831 1302 ab
866 1234 1120 1303 aestimatione
1144 1233 1313 1319 Eumolpi

197 1368 364 1453 Apellem
388 1367 627 1453 Phidiamque
652 1366 853 1436 Graeculos
876 1366 1073 1436 delirantes
1097 1388 1241 1435 vocare.

244 1500 358 1588 „Sed”
392 1543 436 1549 -
470 1502 523 1570 ita
557 1502 678 1589 pergit
711 1543 754 1550 -—
791 1502 919 1589 „video
954 1505 992 1571 te
1027 1505 1145 1570 totum
1181 1501 1219 1569 in
1249 1501 1314 1569 illa

196 1635 348 1704 haerere
382 1635 527 1721 tabula,
562 1655 635 1724 qua
670 1636 802 1704 Troiae
833 1635 975 1742 lialosin
1007 1634 1166 1703 ostendit
1188 1634 1313 1724 itaque

197 1767 359 1836 conabor
394 1790 484 1853 opus
519 1769 682 1838 versibus
714 1768 906 1855 pandere.’'
931 1767 1078 1836 Dictum
1104 1768 1244 1836 factum
1268 1791 1313 1836 ex

196 1907 361 1988 tempore
385 1903 599 1988 pronuntiat
622 1925 769 1971 carmen
792 1903 880 1971 satis
905 1925 1078 1989 magnum
1103 1941 1143 1950 —-
1169 1905 1314 1970 constat

197 2036 293 2106 enim
329 2061 375 2105 ex
409 2037 601 2124 sexaginta
632 2037 791 2124 quinque
821 2037 996 2105 trimetris
1020 2036 1185 2105 iambicis
1209 2077 1252 2084 -—
1276 2036 1313 2104 in

197 2190 268 2259 quo
294 2171 545 2256 componendo
570 2171 602 2239 ei
627 2171 810 2240 Aeneidos
834 2170 965 2239 librum
987 2171 1313 2258 secundamusque

197 2305 244 2373 ob
268 2305 394 2375 oeulos
418 2308 604 2373 versatum
628 2327 706 2373 esse
727 2327 807 2373 eum
830 2328 876 2372 ex
895 2304 1059 2390 plurimis
1078 2305 1158 2373 aliis
1171 2305 1313 2374 indiciis

196 2441 273 2509 tum
310 2462 354 2507 ex
388 2461 494 2508 versu
525 2439 718 2507 undecimo
743 2442 905 2524 apparet.
931 2440 967 2509 Is
992 2441 1087 2509 enim
1112 2463 1237 2510 versus
1260 2441 1314 2509 ita

197 2572 352 2657 scriptus
372 2575 444 2641 est:
470 2595 512 2659 „o
532 2571 670 2657 patria,
692 2572 813 2656 pulsas
833 2572 932 2642 mille
951 2574 1170 2643 credidimus
1182 2575 1313 2644 rates.''

197 2703 310 2787 Quem
342 2706 371 2774 si
402 2705 574 2792 legimuS,
598 2728 671 2774 non
694 2704 913 2790 Eumolpum
937 2705 1041 2774 nobis
1065 2705 1190 2774 audire
1215 2705 1313 2774 vide-

197 2862 286 2925 mur,
322 2839 386 2908 sed
420 2839 536 2924 ipsum
570 2839 733 2908 Aeneam
757 2839 879 2907 Elisae
905 2861 1028 2907 casum
1053 2837 1186 2906 Troiae
1212 2860 1309 2906 enar·

195 2975 347 3041 rentem.
383 2972 438 3039 Ex
475 2992 548 3059 qua
582 2972 677 3040 enim
713 2972 787 3039 alia
822 2994 861 3040 re
892 2971 1091 3057 repetenda
1122 2975 1178 3040 est
1202 2993 1313 3040 causa

196 3105 302 3174 huius
325 3106 394 3191 rei,
419 3106 650 3193 quodpoeta
673 3106 733 3173 hic
756 3105 874 3190 prima
896 3127 1052 3189 persona
1074 3106 1261 3193 loquitur?

240 3239 283 3306 In
324 3240 395 3308 hoc
431 3240 591 3308 carmine
625 3239 780 3326 legendo
815 3261 935 3324 pauca
969 3262 1026 3308 me
1061 3238 1312 3326 offenderunt,

196 3394 290 3462 quae
324 3375 361 3442 in
396 3374 554 3443 medium
584 3373 748 3458 proferre
769 3373 864 3442 volo.
889 3374 1050 3442 Primum
1075 3374 1121 3442 ab
1145 3373 1312 3443 omnibus

196 3509 359 3594 partibus
379 3509 467 3576 mihi
487 3508 660 3577 convenit
672 3530 755 3575 cum
770 3508 848 3575 viro
862 3507 1061 3576 clarissimo
1074 3507 1312 3592 Buechelero‚

194 3641 232 3708 in
258 3663 364 3710 versu
388 3641 542 3726 septimo
566 3663 632 3727 pro
658 3641 862 3728 „aperitur”
887 3640 1082 3709 conicienti
1108 3641 1312 3728 „paratur'',

194 3774 303 3862 idque
327 3774 397 3843 hac
422 3774 601 3843 adductus
624 3774 784 3858 ratione,
805 3775 903 3861 quod
927 3775 1115 3861 „antrum”
1128 3775 1149 3842 i.
1164 3797 1193 3842 e.
1208 3775 1312 3843 alvus

196 3908 278 3994 equi
300 3907 469 3976 -Troiani
513 3930 587 3976 non
624 3908 797 3993 aperitur,
832 3909 894 3977 sed
930 3911 1091 3994 paratur.
1127 3908 1312 3977 Posterior

194 4041 301 4109 huius
337 4064 462 4110 versus
497 4064 581 4126 pars
614 4041 767 4109 eandem
797 4041 873 4109 fere
903 4040 1015 4109 habet
1039 4042 1113 4109 vim
1138 4045 1245 4110 etex
1269 4065 1313 4110 ea

195 4174 353 4243 dilucide
385 4179 553 4259 apparet,
578 4195 672 4262 quae
697 4175 878 4243 sententia
901 4176 1012 4260 priori
1037 4177 1231 4245 tribuenda
1254 4177 1309 4245 sit.
