3322 5290
706 477 760 544 31·

162 711 261 780 enim
296 711 420 796 Priapi
455 711 625 780 sacerdos
659 717 712 778 se'
731 709 807 776 iam
841 708 925 777 inde
960 730 983 776 a
1012 707 1170 793 pueritia
1201 712 1284 776 cum

162 843 378 929 aequalibus
403 844 594 929 voluptate
618 865 721 912 usam
745 865 822 911 esse
847 841 1037 910 amatoria.
1063 840 1132 910 Sed
1155 840 1284 926 quibus

162 975 286 1045 verbis
309 977 381 1045 hoc
404 975 518 1045 dicit?
544 974 582 1044 Si
605 977 790 1062 legeretur
815 997 918 1061 „cum
941 974 1089 1060 paribus
1112 974 1150 1042 in
1172 974 1285 1042 lectu-

162 1109 239 1176 lum
274 1109 453 1178 inclinata
487 1109 588 1178 sum’'
628 1110 687 1178 vel
722 1109 797 1176 tale
829 1108 931 1194 quid,
964 1130 1037 1177 non
1069 1110 1164 1176 esset
1187 1107 1282 1193 quod

162 1242 281 1312 fusius
304 1243 349 1312 de
374 1265 418 1311 ea
440 1266 479 1312 ra
503 1243 788 1328 disputaremus3
813 1242 875 1310 sed
900 1241 961 1310 ubi
985 1241 1065 1326 ipsa
1088 1263 1162 1310 vox
1186 1239 1285 1309 incli-

162 1376 277 1444 nandi
308 1399 389 1445 eam
413 1376 525 1445 habet
549 1375 648 1444 vim?
673 1375 851 1460 Equidem
875 1374 1004 1462 ignoro
1028 1396 1146 1460 neque
1170 1373 1283 1442 ullum

163 1510 289 1578 locum
301 1509 459 1595 reperire
472 1509 585 1594 potui.
599 1509 737 1579 Verum
750 1509 779 1577 si
793 1508 966 1576 eiciamus
978 1506 1286 1593 praepositionem

167 1642 294 1730 „cum”
331 1645 368 1710 et
401 1642 438 1710 in
473 1643 595 1710 locum
631 1642 707 1710 eius
742 1641 1004 1710 substituamus
1031 1638 1287 1728 „iam'''oritur

165 1775 369 1860 sententia,
406 1797 501 1860 quae
534 1775 651 1844 multo
686 1774 831 1843 facilius
865 1773 1028 1860 intellegi
1063 1776 1195 1858 potest.
1228 1772 1288 1840 lta

167 1928 241 1975 vox
278 1907 495 1992 „inclinata”
530 1907 569 1975 in
604 1907 758 1976 eundem
793 1929 936 1976 sensum
973 1906 1187 1992 accipienda
1218 1907 1287 1975 erit

167 2042 279 2125 atque
316 2041 538 2127 „propensa”
575 2044 613 2109 et
649 2040 837 2127 „paribus”
874 2040 943 2108 erit
972 2040 1130 2109 Dativus
1163 2063 1285 2125 casm,

170 2173 445 2260 coniungendus
470 2197 553 2243 oum
578 2197 686 2260 voce,
711 2178 884 2260 quaeest
909 2174 1137 2260 „inolinata’'.

212 2304 411 2391 Encolpius
446 2307 535 2375 nihil
570 2307 699 2391 habet,
733 2307 831 2394 quod
861 2307 946 2376 huic
976 2308 1285 2393 argumentationi

168 2441 332 2523 opponat
356 2441 393 2506 et
415 2479 459 2486 —
482 2443 524 2508 ut
548 2440 769 2509 contendere
793 2441 923 2510 durum
945 2463 1027 2509 cum
1051 2441 1192 2510 victore
1209 2463 1288 2508 v*a

167 2571 373 2656 pertinacia
404 2572 546 2642 desistit
577 2575 613 2643 et
646 2574 833 2659 consurgit
856 2574 903 2642 ad
927 2574 1089 2642 officium
1112 2573 1286 2660 nuptiale.

168 2703 227 2771 Ab
259 2704 425 2773 omnibus
452 2705 617 2790 partibus
640 2707 808 2791 nuptiae,
833 2728 927 2792 quae
949 2707 1023 2774 iam
1047 2709 1286 2792 apparantur,

168 2858 275 2904 veras
310 2837 456 2922 nuptias
487 2837 687 2906 imitantur.
724 2837 795 2908 Sed
831 2839 943 2924 ipsius
978 2839 1139 2909 auctoris
1175 2839 1289 2908 verba

168 2971 376 3056 videamus,
412 2993 505 3056 quae
540 2972 713 3058 leguntur
747 2972 786 3041 in
819 2971 923 3041 initio
959 2972 1089 3057 capitis
1125 2971 1288 3040 vicesimi

168 3104 273 3172 sexti.
303 3102 397 3173 Sunt
420 3108 561 3174 autern:
589 3105 682 3191 „iam
705 3104 847 3190 Psyche
872 3105 1015 3190 puellae
1040 3107 1153 3190 caput
1174 3103 1288 3172 invol-

169 3239 276 3304 verat
302 3236 491 3322 flammeo,
516 3237 589 3304 iam
614 3237 878 3306 embasicoetas
902 3238 1133 3322 praeferebat
1157 3237 1287 3323 facem,

168 3368 243 3436 iam
264 3369 387 3438 ebriae
407 3369 576 3462 mulieres
587 3371 739 3457 longum
751 3393 884 3457 agmen
896 3371 1111 3456 plaudentes
1124 3370 1290 3440 fecerant

169 3501 445 3586 thalamumque
477 3502 617 3572 incesta
641 3507 912 3573 exornaverant
935 3505 1058 3572 vaste''
1084 3526 1113 3572 e.
1139 3527 1171 3590 q.
1195 3526 1221 3572 s.
1246 3503 1288 3572 In

170 3633 299 3719 quibus
336 3634 456 3703 verbis
490 3635 630 3703 nullum
662 3636 807 3721 quidem
832 3636 961 3704 vitium
987 3636 1289 3721 deprehenditur,

169 3767 235 3836 sed
257 3771 381 3836 tamen
404 3767 550 3855 dubito,
575 3769 670 3838 sitne
693 3792 783 3838 sana
808 3791 895 3855 vox,
921 3792 1014 3855 quae
1028 3773 1083 3838 est
1097 3769 1290 3852 „incesta”
1346 3779 1348 3786 ’

170 3899 333 3967 Primum
359 3922 433 3968 non
457 3901 545 3970 satis
569 3901 762 3989 intelleg0‚
787 3903 874 3988 quid
897 3903 944 3971 sit
965 3902 1126 3989 „incesta
1146 3901 1289 3971 vestis.''

171 4031 427 4118 Unusquisque
451 4034 548 4102 onim
571 4035 658 4102 mihi
684 4035 862 4104 concedet
884 4035 920 4103 in
945 4035 1016 4104 illis
1037 4035 1291 4104 vocibusdesi·
1315 4083 1320 4093 ·

172 4165 290 4233 derari
316 4167 506 4252 vulgatam
529 4167 716 4236 notionem
741 4167 842 4236 verbi
865 4168 1013 4254 „incesti
1024 4169 1055 4254 ,'’
1075 4169 1138 4237 sed
1150 4169 1291 4254 deinde,
