3322 5290
892 420 935 485 50

362 648 526 732 divitiaS,
551 649 611 738 qui
637 649 760 718 omnia
779 649 931 717 consilia
950 653 1062 737 atque
1078 647 1183 717 *facta
1195 648 1242 717 ad
1254 670 1330 716 rem
1342 647 1477 718 iacien-

361 783 445 851 dam
480 781 642 852 referant
677 786 714 852 et
748 782 795 852 ob
830 805 910 851 eam
943 805 1091 851 causam
1121 782 1286 851 homines
1312 783 1478 869 „diversa

362 917 567 1006 sequentis”
603 917 746 986 oderint
781 917 865 986 odio
890 916 1099 986 Vatiniano.
1124 915 1251 1004 Neque
1276 917 1312 985 id
1335 915 1477 986 faciunt

362 1053 511 1136 propter
533 1051 698 1120 homines
721 1051 819 1136 ipsos
838 1051 901 1120 sed
920 1050 1224 1139 proptereaquod
1238 1071 1364 1119 eorum
1377 1051 1476 1119 vitae

361 1184 521 1254 studium
553 1185 735 1271 discrepat
767 1209 789 1254 a
812 1207 888 1271 sue,
914 1205 985 1274 quo
1008 1185 1148 1253 nullum
1171 1184 1299 1254 melius
1323 1184 1390 1254 sibi
1413 1185 1477 1254 fin·

362 1339 448 1404 gere
471 1321 633 1403 possunt.
658 1316 751 1400 Quid
773 1318 887 1406 igitur
910 1322 1078 1405 spectant
1096 1319 1133 1387 in
1153 1318 1359 1388 litterarum
1380 1342 1476 1417 ama·

361 1451 501 1520 toribus
524 1451 770 1521 insectandis?
794 1452 877 1520 Non
902 1455 944 1520 ut
963 1452 1020 1520 illi
1039 1450 1135 1520 inira
1154 1452 1347 1537 pecuniam
1366 1452 1476 1538 positi

363 1585 572 1672 videantur,
597 1587 658 1655 sed
685 1588 845 1672 litterae,
870 1585 999 1675 quibus
1019 1586 1219 1671 Eumolpus
1239 1589 1369 1655 contra
1387 1587 1477 1655 nihil

361 1719 474 1804 pluris
498 1719 678 1791 aestimat.

407 1853 466 1922 Ad
489 1853 629 1938 reliqua
652 1851 937 1939 progrediamur.
963 1853 1042 1921 lam
1065 1857 1266 1938 seqmmtur
1289 1855 1361 1923 duo
1381 1853 1477 1940 frag·

363 1988 487 2054 menta
520 1987 608 2055 satis
643 2009 759 2071 parva
793 2008 909 2072 neque
945 1988 1073 2073 digna,
1107 1987 1144 2055 in
1169 1988 1476 2074 quibusmultum

362 2119 535 2204 temporis
560 2141 832 2204 consumamus,
857 2121 1028 2216 quoniam
1048 2144 1173 2190 eorum
1194 2125 1375 2193 sententia
1386 2125 1477 2194 nihil

360 2252 510 2336 prodest
533 2253 579 2320 ad
605 2256 816 2321 contextum
842 2255 1017 2322 orationis
1039 2255 1168 2324 melius
1180 2256 1475 2344 intellegendum.
1502 2294 1506 2300 ·

362 2384 491 2470 Capite
526 2386 750 2471 octogesimo
787 2387 913 2472 quinto
946 2392 982 2456 et
1014 2387 1154 2457 duobus
1179 2389 1358 2474 capitibus
1383 2413 1476 2476 quae

361 2518 529 2603 proxima
563 2523 663 2604 sunt,
699 2519 830 2588 iterum
854 2520 958 2589 nobis
982 2521 1182 2606 Eumolpus
1207 2523 1271 2590 dat
1293 2524 1476 2608 specimen

361 2652 495 2738 ingenii
540 2651 604 2720 sui.
640 2651 776 2720 Narrat
812 2654 905 2721 enim
942 2654 1138 2739 Encolpi0,
1174 2655 1302 2739 quibus
1337 2656 1476 2724 artibus

300 2848 305 2856 .
361 2785 428 2853 sibi
471 2785 639 2872 Pergami
682 2787 842 2854 versanti
885 2788 1080 2873 contigerit
1123 2828 1162 2836 —
1206 2789 1307 2856 invia
1348 2789 1475 2861 virtuti

358 2918 462 2986 nulla
516 2923 571 2987 est
625 2919 686 2986 via
737 2961 780 2967 —
833 2925 874 2988 ut
928 2943 1089 2990 amorem
1141 2921 1209 2990 sibi
1263 2922 1476 2990 conciliaret

360 3052 510 3121 formosi
557 3053 744 3121 cuiusdam
787 3053 889 3139 pueri
933 3055 1081 3140 eiusque
1122 3055 1187 3122 tilii
1222 3055 1374 3139 hospitis
1409 3056 1474 3124 sui.

361 3187 629 3272 Argumentum
666 3187 771 3254 huius
805 3187 952 3256 fabulae
976 3211 1048 3258 non
1072 3192 1194 3274 potest
1217 3210 1289 3257 non
1314 3189 1475 3258 taedium

360 3318 464 3388 nobis
500 3319 652 3404 afferre,
688 3320 751 3388 sed
786 3319 1009 3388 admiramur
1042 3343 1156 3406 genus
1180 3323 1350 3390 narrandi
1375 3345 1475 3390 exer·

362 3451 464 3520 citati
501 3451 595 3522 senis
626 3453 758 3538 nostri,
791 3476 862 3539 quo
887 3453 949 3520 vix
973 3454 1165 3539 quicquam
1189 3456 1386 3540 perfectius
1410 3459 1475 3524 est.

362 3585 485 3654 Verba
516 3587 622 3655 huius
645 3585 793 3655 fabulae
816 3587 904 3656 satis
928 3589 1072 3674 integra
1094 3588 1197 3657 nobis
1222 3589 1359 3656 tradita
1381 3587 1478 3658 sunt

360 3719 403 3786 In
439 3741 483 3786 ea
517 3719 588 3786 duo
623 3723 767 3787 tantum
799 3723 883 3788 sunt
906 3720 995 3806 loci,
1019 3721 1057 3788 in
1081 3721 1208 3806 quibus
1232 3721 1342 3789 hacsi.
1370 3719 1476 3790 Alter
1523 3767 1524 3770 =

361 3871 417 3920 ex·
442 3851 493 3920 eis
527 3839 743 3921 Buecheleri
780 3876 922 3939 quoque
958 3855 1118 3922 animum
1155 3855 1319 3922 offendit.
1355 3854 1474 3924 Locus

362 4006 467 4068 quem
493 3985 577 4053 volo
600 3985 734 4071 legitur
759 4005 866 4055 versu
890 3987 1194 4056 duodetricesimo
1219 3987 1324 4072 primi
1346 3987 1474 4074 capitis

362 4138 407 4183 ex
442 4116 492 4184 eis
528 4139 617 4202 quos
653 4118 821 4201 laudavi,
858 4119 918 4186 ubi
951 4119 1042 4186 haee
1071 4119 1183 4187 verba
1213 4121 1349 4206 scripta
1372 4125 1473 4190 sunt:
