3322 5290
754 481 796 546 37

256 711 298 778 ln
319 710 485 796 proximo
506 710 697 779 incidimus
716 711 753 779 in
773 711 997 796 poematium
1015 710 1202 797 eleganter
1220 710 1327 795 scrip-

210 847 299 913 tum.
336 843 429 914 Sunt
464 867 589 914 versus
624 844 685 930 qui
720 844 905 913 dicuntur¹
924 843 1220 930 hendecasyllabi
1250 844 1328 912 sive

210 977 407 1046 Phalaecii.
442 978 650 1047 Dolendum
681 981 737 1048 est
767 978 864 1064 quod
895 978 1044 1082 ultimus
1069 1000 1193 1047 versus
1216 977 1328 1045 mani·

210 1113 305 1181 festo
340 1111 486 1180 laborat
509 1111 618 1196 vitio,
643 1111 739 1197 quod
763 1110 907 1199 facilius
931 1110 1053 1196 detegi
1077 1132 1186 1196 quam
1211 1133 1327 1180 emen·

210 1245 290 1313 dari
319 1246 451 1329 potest.
477 1242 549 1314 Sed
572 1247 691 1312 totum
715 1243 940 1330 poematium
965 1243 1230 1328 exscribamus,
1255 1264 1326 1328 quo

209 1378 354 1447 facilius
394 1379 446 1448 rei
488 1379 741 1466 intellegentes
777 1378 977 1448 diiudicare
1010 1378 1169 1464 possint,
1204 1381 1327 1446 utrum

208 1514 310 1581 recte
334 1513 454 1581 dicam
477 1534 601 1582 necne.

343 1779 460 1866 qualis
483 1800 557 1848 nox
580 1779 652 1847 fuit
673 1779 756 1865 illa,
781 1779 817 1848 di
842 1780 1024 1868 deaeque,

343 1935 451 1997 quam
474 1912 594 1981 mollis
616 1916 736 1997 torus,
762 1913 944 1982 haesimus
969 1913 1129 1981 calentes

342 2049 380 2114 et
401 2046 665 2116 transfudimus
688 2046 773 2115 hinc
798 2049 836 2116 et
857 2046 943 2114 hinc
966 2045 1108 2118 labellis

343 2182 505 2249 errantes
528 2179 676 2249 animas.
703 2179 842 2266 valete,
868 2202 978 2248 curae

342 2313 516 2382 mortalis.
541 2334 610 2400 ego
634 2312 687 2381 sic
710 2313 827 2398 perire
853 2311 967 2397 coepi.

253 2581 361 2650 Addo
398 2581 507 2650 etiam
544 2581 657 2650 verba
691 2603 784 2666 quae
818 2580 986 2666 proxima
1020 2579 1193 2666 leguntur
1229 2579 1325 2667 „sine

209 2737 320 2784 causa
354 2715 520 2802 gratulor
551 2715 680 2801 mihi‚''
704 2737 790 2783 nam
813 2736 940 2783 eorum
964 2735 1107 2799 quoque
1130 2713 1167 2782 in
1192 2714 1325 2783 haere

209 2848 442 2917 diiudicanda
464 2848 560 2917 ratio
583 2848 753 2917 habenda
776 2856 840 2917 est.
862 2847 1008 2916 Etenim
1029 2847 1151 2934 ecquis
1172 2851 1227 2917 est
1239 2848 1325 2933 quin

208 2981 332 3052 statim
353 2982 493 3068 videat,
513 2983 605 3051 haec
625 2982 739 3051 verba
758 2986 795 3051 et
815 2982 983 3051 ultimum
996 3005 1141 3052 versum
1158 2983 1324 3052 'cominus

207 3115 302 3184 inter
325 3136 363 3183 se
386 3115 574 3201 pugnare?
599 3114 789 3196 Quomodo
813 3115 891 3184 fieri
911 3118 1051 3200 potest,
1072 3118 1114 3183 ut
1125 3114 1324 3199 Encolpius

208 3249 275 3318 sibi
305 3248 520 3336 gratuletur,
551 3252 745 3335 postquam
777 3249 910 3318 cecinit
933 3271 971 3318 se
996 3248 1158 3334 coepisse
1181 3249 1323 3334 perire?

252 3381 289 3452 Si
320 3383 424 3452 nobis
451 3405 507 3452 res
533 3385 628 3452 esset
651 3406 734 3451 cum
760 3383 927 3451 oratione
950 3383 1090 3468 soluta,
1115 3382 1323 3451 emendatio

207 3517 295 3585 satis
330 3520 424 3586 esset
458 3516 566 3602 levis,
597 3517 735 3585 namsi
761 3538 826 3602 pro
853 3517 1000 3604 „coepi”
1023 3517 1323 3587 substitueremus

209 3650 370 3736 „cupio'',
383 3650 564 3719 sententia
576 3653 675 3718 recte
692 3650 922 3735 procederet3
936 3650 1000 3719 sed
1011 3671 1323 3735 supervacaneum

207 3785 262 3851 est
285 3805 343 3851 me
366 3804 530 3868 monere,
554 3784 710 3851 metrum
735 3782 820 3850 huic
843 3782 1038 3851 mutationi
1063 3783 1219 3851 obstare.
1239 3782 1323 3852 Non

207 3915 294 3983 satis
329 3915 416 3983 mihi
451 3919 613 4001 constat,
649 3915 735 4001 quid
768 3912 840 3983 hoc
875 3915 987 3984 verbo
1017 3915 1213 3999 faciamuS,
1237 3939 1322 3985 nem

206 4047 346 4116 nullum
377 4048 546 4134 verbum,
569 4049 666 4134 quod
689 4049 833 4134 quidem
859 4049 1011 4118 eandem
1035 4049 1111 4118 fere
1134 4050 1322 4118 notionem

206 4181 341 4250 habeat
364 4185 474 4268 atque
500 4181 661 4268 „cupio’',
687 4185 803 4250 metro
830 4183 1011 4251 convenit.
1038 4182 1138 4264 Quae
1163 4206 1245 4251 cum
1269 4183 1323 4251 ita
