3322 5290
704 439 745 506 41

168 670 271 738 verbi
318 670 547 740 consurrexit
593 674 630 738 et
664 670 816 738 fratrem
852 669 1046 755 Ascyltum
1081 668 1223 755 elegit''.
1257 668 1286 737 Ο

166 802 341 871 fallacem
375 803 564 872 hominum
598 802 715 889 spem!
742 802 835 884 Quid
859 802 951 872 facit
974 803 1084 871 homo
1108 801 1287 887 misellus,
1382 793 1383 806 ¹

165 940 362 1022 postquam
385 959 424 1006 se
444 938 542 1006 omni
562 960 625 1022 spe
636 937 852 1006 destitutum
866 936 991 1005 videt?
1004 935 1287 1022 „Fulminatus”

163 1071 301 1157 inquit,
327 1071 419 1156 „hac
442 1071 757 1156 pronuntiatione,
782 1071 834 1139 sic
859 1073 899 1138 ut
923 1092 1040 1154 eram,
1065 1070 1142 1140 sine
1163 1069 1286 1156 gladio

164 1203 203 1271 in
227 1204 403 1272 lectulum
424 1204 560 1288 decidi,
573 1208 612 1274 et
623 1205 827 1274 attulissem
840 1203 928 1273 mihi
941 1205 1135 1273 damnatus
1148 1225 1286 1288 manuS,

164 1338 196 1406 si
232 1359 304 1407 non
340 1338 477 1407 inimici
502 1338 680 1408 victoriae
710 1338 952 1407 invidissem’'.
978 1336 1122 1419 Quivis.
1147 1336 1286 1420 opinor,

165 1472 363 1557 concedet,
399 1495 456 1541 me
489 1475 590 1542 recte
622 1472 742 1541 dicere
777 1471 872 1540 male
900 1471 996 1540 inter
1021 1492 1059 1539 se
1095 1468 1287 1538 concinere

165 1603 281 1673 verba
318 1605 392 1691 „sic
427 1609 468 1675 ut
502 1607 624 1675 eram'’
661 1610 698 1675 et
732 1628 793 1690 ea,
829 1627 922 1691 quae
956 1608 1157 1690 sequuntur
1189 1603 1287 1689 „sine

118 1833 120 1846 μ
164 1739 323 1825 gladio''.
360 1737 397 1808 Si
432 1740 525 1809 haec
560 1741 674 1810 verba
706 1762 796 1809 sana
830 1739 1025 1825 sunt-quod
1057 1738 1189 1807 adduci
1213 1758 1287 1806 non

166 1894 333 1958 possum,
370 1876 411 1942 ut
445 1875 592 1943 credam
627 1915 671 1922 -
705 1873 996 1943 additamentum
1021 1875 1076 1941 est
1099 1871 1187 1940 satis
1211 1871 1286 1939 lan·

166 2007 318 2093 gnidum
352 2048 396 2054 —
426 2031 472 2076 ne
505 2008 612 2093 plura
642 2007 762 2076 dicam
796 2049 840 2056 —
874 2030 957 2076 nam
994 2007 1079 2093 quid
1115 2009 1170 2075 est
1199 2005 1286 2074 novi

166 2142 351 2212 hominem
375 2143 452 2212 sine
476 2143 599 2230 gladio
619 2142 657 2210 in
679 2141 856 2211 lectulum
869 2141 1038 2225 incidere,
1057 2141 1287 2226 nequerecte

167 2277 391 2346 conveniunt
415 2300 498 2345 cum
523 2277 574 2347 eis
598 2276 735 2361 verbis,
754 2299 847 2362 quae
871 2276 909 2344 in
932 2276 1099 2362 proximo
1123 2278 1207 2345 sunt
1228 2278 1287 2361 „et

167 2409 371 2480 attulissem
406 2410 493 2479 mihi
529 2411 724 2479 damnatus
759 2409 920 2478 manus.''
955 2407 1093 2478 Verum
1128 2409 1287 2478 maxime

166 2566 224 2612 me
259 2543 418 2613 offendit
448 2545 541 2613 haec
574 2567 648 2627 res,
684 2545 780 2630 quod
817 2566 891 2613 uno
927 2543 1056 2629 spiritu
1089 2543 1286 2628 Encolpius

167 2677 256 2746 dicit
279 2699 317 2746 se
340 2677 377 2745 in
400 2676 537 2746 lectum
561 2677 755 2763 decidisse,
779 2677 831 2747 sic
856 2680 898 2746 ut
920 2681 1032 2762 esset,
1056 2678 1092 2746 id
1114 2680 1287 2763 est„cum

168 2811 313 2899 gladio”
350 2815 388 2880 et
422 2812 521 2897 „sine
556 2811 712 2898 gladi0'‘.
745 2811 850 2881 Haec
883 2812 979 2880 inter
1016 2834 1054 2880 se
1090 2810 1286 2881 conciliare

167 2968 316 3032 nequeo.
342 2945 444 3028 Quae
464 2968 547 3014 cum
566 2945 620 3014 ita
643 2945 725 3030 sint,
749 2948 839 3031 puto
859 2945 964 3015 nobis
976 2948 1051 3015 tres
1069 2945 1147 3014 vias
1159 2948 1286 3030 patere

169 3080 296 3167 quibus
320 3080 405 3149 huic
424 3081 507 3148 loco
531 3080 651 3148 lucem
674 3080 808 3148 afferre
831 3080 1020 3165 possimus.
1045 3079 1122 3148 Aut
1132 3079 1286 3149 delenda

169 3219 252 3282 sunt
286 3214 400 3282 verba
434 3214 505 3283 ista
540 3215 638 3299 „sine
672 3213 829 3300 gladio'’,
853 3215 950 3300 quod
973 3214 1174 3283 remedium
1197 3213 1286 3282 mihi

168 3367 238 3414 non
274 3346 468 3432 probatur,
493 3347 578 3432 quia
602 3346 797 3416 violentius
821 3350 886 3432 est,
911 3349 977 3415 aut
1001 3347 1121 3433 „sine”
1145 3349 1285 3415 mutan-

169 3479 252 3547 dum
273 3482 329 3548 est
351 3478 389 3546 in
414 3480 551 3565 „cum'',
576 3503 670 3565 quae
694 3480 850 3548 mutatio
876 3502 1003 3549 sanam
1024 3479 1170 3568 quidem
1185 3501 1285 3564 prae·

172 3612 230 3681 bet
252 3613 489 3697 sententiam,
510 3613 573 3682 sod
597 3614 712 3683 nihilo
736 3613 855 3682 minus
878 3614 966 3682 mihi
991 3613 1158 3698 displicet
1181 3634 1285 3699 prop·

170 3750 268 3816 terea
303 3747 400 3832 quod
427 3746 517 3814 mihi
550 3769 623 3816 non
659 3747 855 3816 convenire
881 3747 1026 3816 videtur
1050 3769 1133 3815 cum
1154 3768 1286 3834 genera

171 3880 310 3949 dicendi
343 3880 585 3966 Petroniam,
619 3884 684 3949 aut
707 3903 773 3967 pro
798 3881 919 3967 „sine”
943 3880 1209 3950 restituendum
1232 3884 1288 3948 est

172 4013 348 4097 „stricto''.
384 4013 466 4081 Hoc
489 4013 689 4083 remedium
718 4013 804 4081 mihi
831 4014 989 4082 maxime
1013 4013 1165 4098 arridet,
1190 4014 1288 4099 quod

172 4167 210 4214 eo
245 4145 409 4215 adhibito
445 4147 546 4231 lepos
577 4146 684 4214 huius
719 4146 791 4215 loci
815 4147 903 4214 mihi
928 4147 1054 4233 augeri
1084 4147 1228 4216 videtur
1252 4151 1289 4216 et
