3322 5290
915 463 957 555 32

336 779 339 786 ἱ
374 696 461 782 quid
485 718 576 781 opus
600 698 673 781 est,
698 695 841 765 etiamsi
865 695 1035 782 fingimus
1059 695 1145 764 huic
1174 695 1287 764 verbo
1309 695 1389 764 iure
1410 693 1500 764 eam

375 829 450 899 vim
480 829 591 899 tribui
622 852 727 915 posse
752 853 860 916 quam
883 829 996 899 habet
1021 829 1189 914 verbum,
1213 829 1390 898 obscenus
1399 831 1432 915 ‚”.
1456 829 1499 898 in

375 966 502 1050 dome,
532 963 570 1032 in
601 986 674 1050 qua
704 963 794 1032 nihil
818 963 1011 1048 quicquam
1036 965 1091 1031 est
1115 963 1200 1047 quin
1223 963 1403 1031 incestum
1426 962 1496 1047 sit,

375 1097 519 1168 disertis
550 1081 670 1166 verbis
701 1097 853 1182 addere,
885 1099 1042 1180 vestem,
1067 1118 1140 1182 qua
1162 1096 1366 1166 thalamum
1390 1117 1497 1165 exor-

374 1229 482 1314 nant,
506 1231 683 1300 incestam
704 1229 806 1299 esse?
827 1229 964 1299 Credat
982 1229 1141 1298 Iudaeus
1152 1229 1303 1318 Apella,
1324 1225 1497 1316 equidem

375 1363 463 1431 mihi
497 1364 718 1448 persuadere
750 1385 825 1432 non
859 1384 1024 1449 possum,
1058 1362 1130 1431 hoc
1162 1362 1382 1431 vccabulum
1413 1383 1498 1430 esse

375 1519 503 1565 verum
537 1518 655 1583 neque
689 1495 836 1581 dubim,
871 1495 958 1581 quin
992 1495 1029 1564 in
1064 1496 1136 1564 hoc
1167 1495 1348 1564 vocabulo
1375 1495 1499 1563 lateat

375 1628 626 1716 participium,
658 1629 755 1715 quod
786 1631 842 1698 est
866 1629 1062 1715 „ingesta”
1087 1627 1305 1697 Cubiculum
1327 1626 1498 1712 nuptiale

375 1763 543 1833 exornari
580 1765 683 1832 veste
714 1766 751 1831 et
781 1762 828 1830 ad
858 1784 940 1831 eam
964 1783 1039 1830 rem
1066 1764 1204 1830 vestem
1228 1760 1265 1829 in
1288 1759 1497 1829 thalamum

375 1895 491 1983 ingeri
526 1917 572 1964 ex
606 1894 686 1981 ipsa
720 1895 921 1981 spectaculi
955 1897 1089 1964 natura
1119 1892 1300 1980 sequitur,
1332 1894 1497 1962 sednon

375 2028 503 2107 video,
538 2027 775 2114 quamobrem
808 2049 956 2096 necesse
990 2027 1054 2112 sit,
1086 2049 1168 2096 eam
1195 2029 1335 2096 vestem
1367 2023 1497 2093 vocari

375 2162 562 2231 incestam.

420 2295 594 2382 Nuptiale
628 2318 773 2365 sacrum
807 2295 1001 2364 conficitur
1030 2317 1113 2363 cum
1144 2316 1279 2380 magna
1305 2291 1495 2361 hilaritate

376 2428 619 2514 spectantium
643 2431 680 2497 et
703 2428 833 2497 deinde
857 2428 965 2496 amici
984 2428 1166 2497 nostri‘ex
1182 2427 1495 2496 diutumolaborc

376 2561 489 2649 quieti
524 2584 564 2630 se
597 2562 704 2646 dant,
740 2562 837 2647 quod
868 2561 1040 2648 colligere
1071 2583 1262 2646 possumus
1285 2584 1331 2630 ex
1353 2560 1495 2630 miseris

375 2694 537 2780 reliquiis
565 2716 654 2779 quas
678 2693 757 2762 fata
780 2693 884 2763 nobis
908 2697 1157 2763 servaverunt.
1182 2693 1354 2780 Legimus
1377 2693 1492 2762 enim:

378 2826 533 2913 „abiecti
564 2827 601 2894 in
633 2827 739 2896 lectis
770 2827 847 2896 sinc
871 2831 971 2897 metu
995 2827 1173 2913 reliquam
1198 2827 1385 2914 exegimus
1409 2849 1493 2896 noc-

376 2962 484 3030 tem.’'
520 2959 590 3031 Sed
622 2962 805 3047 quomodo
840 2985 860 3030 e
893 2961 1060 3030 manibus
1096 2964 1313 3030 vexatorum
1344 2983 1492 3030 suorum

376 3093 491 3180 elapsi
526 3095 615 3179 sint,
651 3095 927 3165 discesserintne
962 3118 1044 3164 ‹um
1077 3096 1175 3164 bona
1209 3117 1367 3164 ancum
1394 3095 1493 3163 mala

377 3229 515 3315 gratia,
547 3229 617 3297 hae
644 3231 729 3298 sunt
752 3229 999 3315 quaestiones,
1025 3229 1154 3315 quibus
1177 3230 1396 3315 respondere
1418 3251 1493 3298 non

376 3383 567 3446 possumus
598 3365 635 3429 et
672 3384 718 3430 ne
742 3362 854 3430 verbo
879 3362 1023 3447 quidem
1047 3362 1084 3429 in
1108 3361 1255 3447 reliquis
1278 3361 1493 3448 fragmentis

377 3493 579 3576 Quartillae
603 3494 751 3580 eiusque
775 3495 951 3564 comitum
974 3496 1111 3564 mentio
1137 3497 1186 3563 fit.

421 3626 535 3696 Casus
581 3627 692 3695 trium
734 3628 1091 3714 circumscriptorum
1132 3631 1339 3696 nostrorum
1375 3647 1492 3711 perse-

376 3762 528 3845 quentes
561 3759 727 3829 videmus
758 3779 820 3829 eos
845 3760 1081 3830 interessem
1105 3760 1276 3829 convivio
1299 3760 1421 3843 lauto,
1445 3760 1492 3829 ad

375 3894 471 3979 quod
508 3891 631 3962 vocati
663 3887 747 3961 sunt
775 3915 798 3961 a
820 3892 1091 3966 Trimalchione
1115 3915 1210 3962 sene.
1235 3892 1492 3977 Eam-partem

375 4025 495 4111 operis
510 4025 652 4111 nostri,
678 4048 771 4111 quae
796 4027 907 4113 vulgo
931 4027 1127 4112 separatim
1152 4027 1272 4096 editur
1284 4029 1321 4096 et
1333 4026 1493 4095 inscribi-

374 4162 436 4228 tur
466 4182 577 4246 „cena
608 4155 928 4245 Trimalchionis,''
959 4160 994 4227 in
1020 4183 1127 4245 quam
1152 4163 1210 4229 tot
1232 4162 1270 4229 et
1292 4163 1368 4228 tam
1393 4160 1491 4228 docti
