3322 5290
903 442 947 507 40

363 672 438 739 tem
461 693 580 739 meam
601 673 780 741 concedas
793 675 940 758 oportet
952 675 1017 740 aut
1029 673 1260 757 contemptus
1272 672 1344 740 hoc
1356 671 1481 758 gladio

364 824 444 870 eam
468 803 664 872 abscidam.
689 804 728 874 Si
750 805 864 891 igitur
887 805 975 873 mihi
999 804 1154 874 liberum
1172 809 1266 874 esset
1279 803 1481 887 arbitrium,

362 957 436 1004 non
463 935 668 1006 dubitarem
692 937 778 1023 quin
802 940 886 1022 post
909 957 1078 1022 „necesse
1101 936 1179 1004 est'’
1199 936 1396 1005 insererem
1421 958 1482 1004 vo-

362 1068 495 1136 cabula
529 1069 640 1155 „mihi
674 1067 885 1138 concedas''.
922 1068 981 1136 Ita
1015 1069 1160 1136 demum
1188 1091 1278 1138 sana
1301 1069 1483 1138 sententia

363 1201 496 1287 oritur,
532 1202 594 1271 sed
628 1205 671 1270 ut
705 1185 825 1287 aiunt,
860 1202 1061 1271 remedium
1095 1202 1252 1271 fortasse
1289 1202 1392 1287 peius
1427 1205 1483 1270 est

363 1357 472 1420 quam
506 1335 664 1405 morbus.
698 1336 741 1405 ln
775 1336 847 1404 hac
877 1358 1079 1422 quoquere
1102 1336 1264 1404 virorum
1289 1336 1482 1404 doctorum

363 1472 536 1554 exspecto
560 1469 657 1555 quod
680 1469 728 1538 sit
750 1469 935 1538 iudicium.

407 1603 501 1672 Item
524 1603 722 1688 Encolpius
746 1603 792 1671 ad
817 1606 1001 1672 certamen
1025 1626 1063 1672 se
1087 1606 1194 1689 parat
1218 1606 1255 1670 et
1278 1601 1413 1670 iamin
1437 1622 1481 1669 eo

363 1739 434 1821 est,
469 1739 513 1805 ut
546 1736 654 1807 amici
690 1737 749 1806 vel
783 1736 904 1822 potius
934 1736 1072 1804 inimici
1107 1737 1152 1805 de
1188 1735 1266 1804 vita
1289 1727 1479 1819 dimicent,

363 1895 446 1941 cum
481 1869 594 1940 Giton
624 1875 813 1956 raptarum
848 1868 1065 1940 Sabinarum
1098 1869 1290 1938 mulierum
1325 1868 1481 1955 exempli

362 2028 518 2090 memor,
542 2005 759 2074 infestorum
782 2003 974 2073 certamini
995 2003 1196 2072 intervenit
1208 2006 1246 2073 et
1257 2004 1480 2089 proclamat:

363 2142 482 2227 „quod
512 2140 542 2210 si
578 2139 703 2225 utique
735 2137 898 2206 facinore
925 2159 1016 2223 opus
1051 2140 1124 2222 cst,
1147 2137 1246 2205 nudo
1272 2159 1357 2205 ecce
1379 2135 1481 2223 ingu-

361 2275 455 2360 lum,
472 2273 685 2369 „convcrt'te
708 2273 781 2340 huc
804 2294 950 2357 manus,
973 2271 1170 2357 imprimite
1194 2292 1396 2340 mucrones.
1411 2293 1480 2357 ego

363 2408 456 2476 mori
481 2407 614 2492 deboc,
640 2407 702 2492 qui
725 2405 910 2474 amicitiae
934 2407 1204 2474 sacramentum
1224 2404 1377 2474 delevi''.
1398 2404 1481 2473 Hac

363 2540 462 2609 vitae
497 2540 695 2610 devotione
723 2540 770 2608 ad
802 2538 955 2608 meliora
976 2541 1013 2607 et
1036 2539 1182 2607 saniora
1207 2537 1361 2608 consilia
1378 2560 1481 2607 revo-

363 2675 437 2744 cati
457 2675 530 2744 duo
551 2673 750 2743 adversarii
773 2675 911 2743 ferrum
925 2673 1093 2742 inhibent
1112 2676 1150 2742 et
1162 2675 1313 2742 auctore
1325 2673 1480 2759 Ascylto

361 2809 429 2895 ipsi
483 2807 608 2877 Gitoni
661 2806 894 2893 permittunt,
949 2809 991 2875 ut
1040 2805 1171 2892 eligat,
1221 2807 1343 2874 utrum
1388 2805 1481 2890 ipso-

362 2965 442 3010 rum
476 2943 658 3026 sequatur.
693 2939 943 3026 intellegitur,
973 2938 1191 3024 Encolpium
1225 2941 1303 3006 tam
1324 2937 1482 3006 libenter

361 3075 457 3142 hanc
492 3074 744 3143 condicionem
779 3073 962 3158 accipere,
998 3072 1085 3157 quia
1119 3071 1272 3141 confidit
1302 3094 1340 3140 se
1371 3071 1481 3140 facile

363 3207 507 3278 aemulo
531 3206 778 3292 antepositum
797 3205 852 3273 iri.
870 3203 942 3275 Sed
964 3227 1008 3274 ea
1027 3228 1108 3291 spes
1120 3205 1292 3275 miserum
1304 3207 1482 3274 frustrata

362 3343 434 3410 est:
468 3340 702 3425 inspiciamus
732 3339 842 3409 modo
872 3339 985 3425 ipsius
1009 3339 1139 3424 verba,
1164 3338 1293 3424 quibus
1317 3339 1480 3408 ordinem

362 3473 564 3542 affectuum
598 3472 650 3541 sic
684 3473 851 3559 exponit,
886 3475 1026 3541 utrem
1049 3472 1164 3541 oculis
1188 3494 1336 3541 comere
1360 3472 1481 3540 videa·

362 3629 442 3676 mur
466 3606 600 3693 „Eg0'',
624 3606 759 3692 inquit,
781 3606 862 3693 „qui
877 3605 1163 3675 vetustissimam
1178 3604 1479 3674 consuetudinem

361 3737 537 3824 putabam
567 3737 604 3805 in
639 3737 824 3824 sanguinis
859 3738 991 3824 pignus
1024 3737 1215 3822 transisse,
1245 3737 1334 3805 nihil
1355 3737 1479 3822 timui,

360 3871 473 3939 immo
505 3870 757 3939 condicionem
780 3871 968 3956 praecipit'
994 3871 1230 3941 festinatione
1254 3868 1359 3956 rapui
1384 3892 1480 3939 com-

361 4004 513 4090 misique
547 4003 658 4072 iudici
681 4003 794 4074 litem.
826 4004 959 4088 quine
994 4002 1211 4073 deliberavit
1246 4003 1402 4088 quidem,
1438 4006 1481 4070 ut

362 4137 548 4206 videretur
578 4139 788 4223 cunctatuS,
821 4159 947 4205 verum
971 4137 1096 4206 statim
1119 4136 1165 4205 ab
1186 4139 1352 4206 extrema
1376 4139 1481 4220 parte
