3322 5290
925 461 969 527 30

390 691 437 761 ad
460 691 685 761 hilaritatem
706 693 922 761 excitantur.
943 689 1109 775 Exempli
1129 712 1242 758 causa
1262 707 1524 757 commemoro

391 827 582 896 cinaedum
617 826 820 913 „hominem
852 823 1013 894 omnium
1039 822 1315 891 insulsissimum
1340 824 1378 889 et
1400 820 1523 905 plane

390 959 454 1026 illa
488 960 597 1029 domo
633 959 818 1045 dignum”‚
848 958 908 1044 qui
940 960 1134 1043 postquam
1158 979 1304 1025 carmen
1329 955 1418 1024 satis
1440 954 1523 1022 las-

392 1092 513 1160 civum
539 1091 809 1177 pronuntiavit,
837 1090 1032 1176 Ascyltum
1056 1093 1094 1158 et
1116 1089 1334 1175 Encolpium
1359 1086 1518 1156 alternis

390 1223 576 1293 blanditiis
619 1227 739 1294 vexat.
775 1224 965 1294 Postremo
996 1224 1138 1310 Psyche
1169 1223 1304 1292 ancilla
1336 1223 1373 1290 in
1407 1243 1517 1306 prae-

390 1359 529 1426 clarum
553 1356 682 1426 incidit
706 1357 914 1443 consilium,
939 1357 1035 1442 quod
1061 1355 1263 1438 Quartillae
1282 1355 1451 1423 dominae
1470 1353 1513 1420 in

391 1513 517 1560 aurem
543 1492 756 1560 insusurrat.
780 1492 904 1577 Atque
926 1491 1008 1576 illa,
1034 1513 1142 1576 quam
1166 1489 1395 1575 propositum
1417 1487 1513 1554 mire

391 1625 568 1710 delectat,
600 1625 723 1694 statim
753 1647 830 1694 rem
863 1625 993 1700 confici
1016 1624 1128 1693 iubet.
1156 1624 1250 1708 „Ita‚
1274 1622 1328 1690 ita
1337 1621 1369 1707 ,''
1390 1622 1513 1707 inquit

393 1757 504 1845 „bene
541 1757 762 1826 admonuisti
797 1780 862 1826 cur
895 1779 983 1843 non,
1018 1757 1105 1843 quia
1135 1754 1333 1825 bellissima
1362 1754 1512 1824 occasio

392 1893 463 1976 est,
506 1890 758 1977 devirginatur
798 1890 1006 1976 Pannychis
1040 1888 1213 1960 nostra?”
1248 1889 1297 1956 Et
1331 1888 1512 1975 neglectis

391 2025 558 2110 precibus
604 2023 771 2109 Encolpii
817 2023 967 2108 nuptiae
1010 2021 1154 2092 Gitonis
1192 2025 1230 2090 et
1262 2019 1512 2107 Pannychidis

391 2161 577 2245 parantur.
612 2158 810 2243 Encolpius
845 2157 941 2225 enim
974 2197 1017 2204 —-
1052 2156 1115 2225 sed
1149 2155 1268 2241 ipsum
1298 2157 1510 2223 narrantem

391 2293 586 2361 faciamus:
632 2314 720 2378 „nee
761 2290 914 2377 Gitona,
960 2289 1305 2360 verecundissimum
1336 2311 1510 2373 puerum,

391 2427 559 2496 sufficere
581 2425 667 2493 huic
690 2425 916 2510 petulantiae
940 2425 1140 2510 affirmavi,
1165 2447 1233 2493 nec
1252 2424 1410 2509 puellam
1432 2423 1510 2491 eius

392 2559 525 2628 aetatis
549 2581 644 2644 esse,
670 2561 710 2626 ut
733 2557 919 2627 muliebris
936 2558 1137 2643 patientiae
1149 2559 1269 2644 legem
1280 2560 1403 2643 posset
1416 2558 1510 2625 acci-

391 2691 509 2778 pere.''
535 2690 715 2773 Quartilla
727 2691 837 2778 longe
860 2691 907 2760 ab
920 2691 996 2760 eius
1009 2691 1191 2760 sententia
1203 2691 1386 2776 discrepat
1398 2693 1510 2776 atque

391 2861 434 2874 —-
448 2829 490 2894 ut
512 2848 596 2894 cum
620 2824 751 2894 Ovidio
764 2827 958 2912 loquamur
972 2848 1108 2912 „neque
1122 2826 1217 2894 enim
1229 2825 1385 2893 flammis
1396 2825 1510 2893 habet

393 2958 513 3043 aptius
548 2959 624 3026 ulla
658 2957 808 3027 Talibus
838 2958 1047 3044 ingenium''
1079 2997 1119 3006 —
1152 2961 1368 3045 argumento
1394 2958 1510 3037 utitur

393 3114 438 3160 ex
467 3092 580 3177 ipsius
613 3091 691 3160 vita
717 3095 873 3177 sumpto.
898 3092 981 3161 Hoc
1006 3092 1102 3161 enim
1126 3113 1338 3178 responsum
1362 3091 1510 3161 virtutis

391 3246 501 3293 verae
537 3227 660 3294 custos
694 3225 904 3312 rigidusque
939 3225 1085 3294 satelles
1117 3224 1207 3293 fert:
1237 3226 1291 3292 ita
1313 3230 1432 3292 minor
1455 3227 1510 3292 est

391 3357 463 3425 ista
498 3379 607 3442 quam
642 3379 711 3444 ego
742 3357 812 3441 fui,
845 3358 1107 3443 cumprimum
1133 3358 1256 3432 virum¹
1274 3381 1381 3443 passa
1403 3358 1509 3428 sum?

392 3489 568 3559 Iunonem
593 3512 711 3563 meam
726 3491 864 3565 iratam
885 3491 1058 3576 habeam,
1080 3492 1109 3560 si
1129 3514 1289 3577 unquam
1308 3512 1367 3559 me
1386 3489 1510 3561 memi-

314 3643 316 3647 ’
392 3623 507 3692 nerim
543 3622 721 3710 virginem
754 3623 865 3693 fuisse
898 3647 984 3693 nam
1020 3627 1057 3694 et
1090 3624 1210 3693 infans
1235 3647 1327 3692 ¹cum
1361 3624 1523 3710 paribus·

392 3756 568 3825 inclinata
598 3755 700 3826 sum''
725 3779 754 3824 e.
780 3779 811 3842 q.
837 3780 863 3826 s.
888 3757 1116 3843 Responsum
1141 3778 1212 3842 quo
1237 3756 1398 3842 apertius
1420 3755 1509 3842 fingi

392 3911 439 3956 ne
473 3892 561 3957 voto
592 3889 738 3975 quidem
769 3892 900 3974 potest.
925 3889 1196 3959 Tantummodo
1219 3890 1354 3957 haereo
1378 3885 1416 3956 in
1439 3887 1509 3955 illis

390 4020 545 4090 vocibus
592 4046 694 4110 „cum
737 4022 885 4107 paribus
926 4023 1103 4091 inclinata
1141 4021 1253 4091 sum.‘’
1289 4021 1383 4103 Quid
1404 4022 1509 4089 whaee

393 4153 506 4222 verba
537 4154 741 4240 significare
769 4155 943 4241 debeant,
968 4177 1075 4224 nemo
1098 4159 1171 4225 non
1189 4155 1385 4242 intellegit.
1410 4153 1510 4222 Dicit
