3322 5290
728 455 775 544 47

189 711 353 779 sananda
398 713 498 795 sunt,
546 708 786 779 dissentimus
830 707 922 776 Mihi
951 707 1047 776 enim
1082 706 1155 775 alio
1192 727 1308 792 eoque

190 843 417 913 clementiori
463 843 609 912 videtur
654 843 833 911 utendum
880 864 957 911 esse
1003 841 1174 910 remedio.
1212 839 1308 909 Sane

191 978 287 1063 quod
341 976 460 1047 editor
509 977 646 1062 optime
696 976 847 1044 meritus
893 976 939 1044 de
985 979 1136 1044 auctore
1181 979 1307 1052 nostro

190 1111 305 1180 verba
339 1133 362 1178 a
392 1133 430 1180 se
453 1111 642 1196 proposita
664 1110 701 1178 in
726 1112 939 1178 contextum
962 1130 1036 1177 non
1058 1109 1197 1195 recepit
1220 1108 1308 1176 mihi

191 1248 246 1312 est
276 1244 411 1313 indicio
444 1267 527 1313 eum
557 1243 676 1329 ipsum
710 1242 890 1311 iudicasse
924 1264 1001 1311 rem
1032 1243 1194 1310 nondum
1224 1264 1247 1309 a
1270 1262 1309 1310 se

191 1399 269 1446 esse
294 1377 512 1463 expeditam.

259 1510 364 1593 Quod
398 1512 486 1580 mihi
521 1512 602 1597 plus
637 1511 729 1580 facit
761 1511 890 1596 animi,
926 1513 968 1579 ut
1003 1509 1179 1595 aperiam,
1212 1509 1310 1594 quod

193 1645 413 1730 excogitavi.
445 1645 536 1713 Mihi
560 1645 706 1713 videtur
728 1645 859 1714 vitium
882 1643 998 1713 latere
1022 1643 1057 1711 in
1083 1665 1192 1728 voce,
1218 1665 1311 1728 quae
1365 1687 1369 1695 ›

193 1782 248 1846 ost
279 1778 525 1864 efferatoque,
556 1802 602 1848 ex
626 1779 728 1847 cuius
752 1779 853 1848 vocis
876 1779 1078 1863 posteriore
1098 1782 1204 1864 parte
1228 1801 1310 1847 con-

191 1912 415 1981 iunctionem
451 1913 605 1998 „atque”
638 1905 853 1982 eliciendam
885 1934 962 1981 esse
986 1912 1074 1981 mihi
1098 1935 1308 1998 persuasum

194 2049 266 2131 cst,
291 2069 372 2114 cum
397 2045 555 2131 priorem
579 2050 722 2131 partem
744 2046 835 2114 nihil
855 2069 932 2114 esse
944 2045 1014 2114 nisi
1025 2045 1196 2131 reliquias
1209 2046 1309 2114 verbi

195 2203 226 2264 q.
252 2202 281 2247 e.
304 2179 512 2265 „revertor”
542 2183 684 2264 putem,
705 2179 759 2248 ita
782 2183 824 2248 ut
846 2182 966 2248 totum
990 2179 1112 2248 locum
1136 2179 1188 2249 sic
1211 2179 1311 2248 resti-

194 2317 316 2382 tutum
344 2313 454 2383 velim
478 2315 562 2399 „sed
587 2314 674 2383 dum
698 2315 857 2384 attonito
882 2314 987 2382 vultu
1011 2317 1178 2382 revertor
1201 2317 1312 2400 atque

195 2446 284 2514 nihil
307 2447 432 2515 aliud'
454 2469 483 2514 e.
509 2470 541 2532 q.
565 2469 591 2516 s.
616 2446 741 2516 Verba
763 2446 843 2532 ipsa
862 2447 1313 2536 loquunturncquclonga

195 2579 380 2664 oratione,
412 2602 484 2664 qua
518 2578 748 2664 ilustrentur,
781 2579 954 2666 indigent.
978 2579 1061 2648 Hoc
1083 2583 1229 2647 tantum
1253 2579 1312 2647 ad-

196 2734 344 2781 monere
357 2711 465 2781 velim
479 2713 525 2781 ad
539 2712 788 2781 coniecturam
801 2736 920 2782 meam
932 2713 1169 2798 probandam,
1183 2733 1312 2780 vocem

197 2845 448 2931 „revertendi”
460 2867 542 2914 meo
556 2846 701 2931 quidem
714 2845 849 2915 iudicio
863 2847 1000 2932 optime
1013 2846 1217 2915 consentire
1230 2867 1313 2913 cum

197 2980 248 3050 eis
283 2980 404 3050 verbis
438 3002 532 3066 quae
566 2980 732 3067 proxime
767 2981 948 3067 leguntur.
984 2980 1080 3062 Quid
1104 2980 1200 3049 enim
1224 2979 1314 3048 dicit

197 3112 420 3200 Encolpius?
440 3115 483 3182 ln
499 3114 683 3200 publicum
698 3114 846 3201 prosilio
860 3118 897 3184 et
909 3115 1063 3184 furentis
1075 3135 1176 3182 more
1189 3133 1314 3182 omnes

197 3247 360 3333 porticus
403 3249 596 3318 circumeo.
639 3248 806 3318 Frustra!
839 3249 1027 3335 Nusquam
1058 3247 1201 3348 reperio
1234 3269 1313 3330 eoa

199 3403 288 3467 quos
313 3382 439 3451 ulcisci
459 3386 669 3452 statueram.
693 3382 764 3453 Sed
789 3383 874 3451 dum
899 3383 1059 3452 attonito
1080 3381 1315 3451 vulturever·

199 3519 259 3584 tor
294 3519 404 3600 atque
438 3515 529 3583 nihil
564 3516 664 3585 aliud
699 3539 807 3601 quam
843 3516 993 3584 caedem
1030 3524 1067 3583 et
1101 3514 1314 3600 sanguinem

200 3649 342 3734 cogim,
377 3649 524 3717 obviam
558 3649 648 3717 mihi
680 3651 723 3718 fit
757 3649 860 3718 miles
894 3649 1051 3735 quidam.
1081 3647 1220 3718 Verum
1242 3647 1316 3714 iam

200 3781 305 3863 satis3
330 3803 592 3866 persequamur
613 3782 871 3850 narrationem.
892 3781 1015 3866 Miles,
1035 3781 1073 3849 in
1086 3803 1193 3866 quem
1205 3780 1315 3848 homo
1360 3854 1362 3860 ,

200 3917 342 3999 noster,
378 3915 593 4000 sanguinem
628 3915 771 4019 sitiens,
803 3914 931 3982 incidit
953 3936 1035 3982 eum
1059 3935 1162 3982 arma
1181 3934 1317 3998 ponere

201 4045 302 4114 iubet
332 4049 528 4131 postquam
560 4046 734 4133 cognovit
757 4045 858 4114 illum
883 4046 976 4115 falso
1000 4045 1152 4115 militem
1177 4067 1216 4115 se
1237 4067 1317 4131 pro-

202 4179 297 4247 fiteri
330 4182 366 4247 et
401 4180 504 4248 miles
536 4179 726 4248 simulatus
762 4179 838 4248 sine
869 4180 979 4248 armis
1009 4180 1046 4248 in
1069 4180 1318 4248 deversorium
