3322 5290
914 439 935 506 2

361 671 523 756 explere:
560 673 673 740 verba
708 673 821 758 enim,
853 695 946 759 quae
977 672 1146 741 lacunam
1173 672 1377 758 excipiunt,
1401 672 1479 741 fere

360 827 503 890 semper
546 806 629 874 luoe
675 806 809 875 clarius
854 829 920 876 nos
968 807 1123 875 edocent
1169 806 1256 892 quid
1290 805 1477 874 exciderit.

360 937 465 1006 Bono
500 960 588 1024 ergo
624 939 746 1008 animo
781 939 913 1008 iterum
948 939 1153 1024 iterumque
1188 939 1234 1006 ad
1265 938 1479 1007 Petronium

360 1092 549 1140 recurrens
573 1071 669 1140 etin
694 1072 785 1141 locis
809 1071 927 1141 dubiis
951 1071 1176 1156 suspectisve
1199 1069 1397 1140 subsistens
1416 1070 1479 1138 hic

359 1203 435 1273 illic
452 1205 684 1274 inveniebam
705 1205 844 1292 aliquid
864 1205 962 1292 quod
980 1227 1054 1274 non
1066 1205 1175 1290 plane
1188 1205 1275 1272 mihi
1288 1205 1477 1291 indignum

360 1337 547 1407 videretur
584 1340 680 1424 quod
716 1308 1011 1424 prudentiorum
1029 1339 1307 1424 doctiorumque
1341 1338 1476 1408 iudicio

358 1469 617 1554 permitterem.
662 1471 774 1540 Modo
807 1472 939 1540 vitium
975 1471 1124 1558 aliquod
1159 1471 1355 1540 observare
1389 1469 1478 1538 mihi

360 1602 511 1671 videbar
545 1605 643 1688 quod
673 1604 908 1690 Buecheleri,
939 1605 1070 1673 summi
1101 1604 1186 1688 viri,
1210 1604 1300 1672 felix
1323 1626 1477 1672 acumen

359 1737 530 1823 fugisset,
574 1738 742 1824 quodque
784 1738 857 1807 leni
897 1761 955 1807 me
993 1738 1175 1807 medicina
1210 1760 1338 1807 curare
1372 1759 1477 1823 posse

360 1869 576 1956 arbitrabar,
607 1872 717 1940 modo
741 1871 864 1940 locum
888 1894 912 1940 a
933 1871 1162 1941 Buechelero
1186 1871 1339 1957 aliisque
1361 1874 1478 1940 tenta-

359 2007 436 2072 tum
461 2026 558 2073 novo
582 2005 743 2074 remedio
768 2027 790 2072 a
815 2027 872 2073 me
891 2006 1042 2074 invento
1062 2005 1263 2074 sanandum
1284 2005 1477 2090 putabam,

360 2138 469 2206 modo
504 2138 602 2206 aliud
635 2139 771 2224 aliquid
802 2138 1028 2223 reperiebam
1060 2138 1157 2224 quod
1188 2138 1225 2205 in
1255 2137 1375 2206 medio
1398 2157 1477 2221 pro-

359 2292 495 2356 ponere
533 2294 713 2356 cuperem.
749 2273 827 2341 Has
862 2294 961 2341 meas
996 2270 1334 2341 observatiunculas
1369 2289 1477 2354 saepe

360 2404 625 2490 diligenterque
666 2406 868 2490 pensitatas
909 2426 1006 2473 nunc
1047 2405 1119 2472 hoo
1155 2403 1279 2472 libello
1314 2400 1474 2471 Petronii

360 2536 568 2604 amantibus
603 2537 731 2605 offero.
769 2538 891 2622 Atque
927 2559 999 2621 quo
1029 2535 1157 2614 melius
1188 2536 1366 2620 appareat
1390 2531 1475 2618 quid

359 2666 450 2737 illud
473 2669 521 2737 sit
544 2670 641 2755 quod
665 2669 832 2738 dicebam
855 2674 1026 2739 nontam
1045 2669 1214 2737 miseram
1236 2690 1313 2736 esse
1332 2666 1477 2734 illarum

360 2805 566 2870 saturarum
588 2802 836 2873 conditionem
855 2787 1084 2889 praesentem
1105 2824 1214 2887 quam
1234 2823 1342 2885 saepe
1355 2799 1478 2868 multis

360 2935 540 3020 videatur,
575 2937 733 3021 priorem
766 2959 890 3005 earum
921 2938 1064 3022 partem
1095 2934 1183 3002 meis
1208 2933 1478 3018 quodammodo

359 3091 509 3138 renarro
545 3069 682 3154 verbis,
717 3070 767 3138 ibi
802 3087 944 3155 semper
978 3069 1175 3138 subsistens
1209 3068 1478 3153 immoransque

360 3202 423 3269 ubi
447 3202 730 3271 emendatricem
754 3203 939 3288 requirere
963 3225 1110 3271 manum
1135 3201 1346 3270 viderentur
1367 3200 1480 3268 verba

360 3334 507 3402 tradita.
545 3333 682 3420 Sponte
714 3335 832 3421 quivis
854 3334 1045 3421 intelleget
1068 3357 1126 3404 me
1150 3335 1290 3403 nullum
1314 3333 1479 3419 attigisse

362 3467 513 3535 verbum
549 3469 645 3553 quod
681 3469 768 3537 ferri
799 3492 872 3538 non
902 3492 1008 3554 posse
1038 3491 1113 3538 non
1142 3470 1226 3553 ipsu
1248 3490 1307 3536 mc
1330 3468 1480 3536 doceret

360 3599 539 3669 narratio.
577 3599 772 3685 Scriptoris
808 3602 903 3669 enim
940 3601 1056 3688 qualis
1091 3600 1283 3669 Petronius
1318 3601 1374 3668 est
1408 3619 1480 3668 ser·

362 3752 508 3800 monem
538 3733 664 3817 ipsum
691 3734 751 3801 vel
772 3735 1061 3817 grammaticam
1087 3734 1132 3802 ad
1158 3736 1295 3801 certam
1319 3731 1479 3817 aliquam

361 3865 526 3951 redigere
549 3865 644 3935 velle
666 3888 832 3935 normam
856 3867 1091 3936 temerarium
1117 3867 1270 3936 videtur.
