3322 5290
889 465 932 530 60

489 846 492 852 .
548 771 610 852 Ad
640 794 724 873 cap.
756 770 873 853 XCIV
902 773 1007 876 (pag.
1039 773 1101 875 65)
1130 796 1220 856 vers
1249 774 1282 853 3.

394 1012 530 1098 „Rudis
567 1013 662 1080 enirn
693 1011 877 1080 novacula
900 1015 938 1080 et
960 1012 997 1080 in
1020 1012 1091 1080 hoc
1115 1015 1256 1095 retusa,
1282 1015 1321 1080 ut
1344 1013 1467 1097 pueris

349 1146 571 1216 discentibus
598 1146 789 1215 audaciam
814 1147 972 1216 tonsoris
996 1145 1118 1230 daret,
1143 1146 1366 1215 instruxerat
1389 1147 1467 1216 the-

350 1281 464 1349 cam.’'
488 1281 574 1366 Ipsa
595 1280 688 1348 haec
708 1279 822 1348 verba
841 1279 1028 1355 sufficiunt
1047 1275 1094 1348 ad
1106 1282 1206 1348 recte
1218 1279 1467 1366 intellegenda

349 1434 444 1503 quac
467 1414 514 1483 ud
537 1413 634 1482 huno
652 1413 781 1482 locum·
794 1412 1015 1497 pertinentia
1034 1412 1071 1480 in
1083 1412 1243 1481 medium
1255 1411 1466 1497 prolaturus

349 1569 437 1616 sum.
463 1547 625 1633 Ingenuo
648 1545 768 1614 fatcor
791 1567 849 1613 me
872 1545 969 1614 hanc
993 1546 1212 1614 sententiam
1235 1566 1307 1615 non
1327 1545 1467 1614 intelle·

348 1702 435 1767 gere
470 1686 506 1748 et
541 1701 671 1749 vereor
707 1684 747 1747 ut
778 1679 831 1748 sic
861 1699 1021 1768 unquam
1053 1679 1245 1768 quisquam
1268 1663 1399 1748 Latine
1418 1680 1468 1748 sit

348 1813 503 1882 locutus.
540 1812 730 1895 Quomodo
766 1801 875 1882 enim
896 1813 1080 1880 novacula
1113 1812 1259 1880 thecam
1287 1812 1466 1880 instruere

349 1947 494 2033 potest?
519 1946 590 2016 Sed
613 1969 686 2015 non
707 1948 816 2016 credo
835 1946 1049 2032 scriptorem
1071 1950 1235 2016 nostrum
1254 1947 1325 2015 hoc
1345 1945 1467 2015 dicere

351 2080 517 2150 voluisse.
564 2080 682 2148 Immo
720 2079 890 2165 Eumolpi
929 2080 1199 2149 mercennarius
1234 2079 1379 2148 thecam
1415 2079 1467 2146 in·

350 2216 536 2283 struxerat
559 2235 641 2282 cum
663 2212 742 2282 aliis
762 2212 869 2282 rebus
889 2215 968 2281 tum
987 2213 1059 2281 hac
1077 2212 1252 2299 singulari
1272 2212 1466 2281 novacula.

351 2346 563 2434 Opportune
585 2347 629 2414 fit
648 2349 690 2414 ut
709 2369 783 2414 una
802 2346 967 2414 litterula
986 2346 1109 2415 deleta
1132 2346 1192 2414 hic
1212 2346 1315 2428 locus
1327 2345 1364 2412 in
1378 2345 1466 2413 inte·

350 2502 456 2566 grum
485 2479 628 2547 restitui
660 2479 784 2564 possit.
809 2479 929 2565 Leges
952 2499 1088 2567 quaeso
1113 2479 1255 2564 „rudis”
1278 2482 1320 2546 ut
1344 2477 1467 2547 omnia

349 2618 449 2682 recte
472 2612 682 2697 procedant.

394 2744 444 2814 Et
477 2747 569 2814 haec
604 2746 750 2833 quidem
785 2746 834 2814 irn
870 2746 1077 2832 praesentia
1111 2745 1305 2813 sufficiant.
1342 2744 1466 2812 Meum

351 2880 446 2949 enim
470 2879 567 2948 facio
591 2879 798 2949 fabularum
821 2884 954 2965 poetae
977 2879 1084 2947 illud:

277 3081 281 3088 ’
417 3084 618 3171 Supersunt
641 3086 730 3153 mihi
753 3105 848 3174 quae
871 3084 1026 3154 scribam
1052 3086 1114 3154 sed
1134 3106 1247 3171 parco
1271 3083 1396 3153 sciens.
