3322 5290
533 1189 594 1271 Ad
623 1215 708 1294 eap.
738 1191 801 1272 XC
829 1215 919 1275 vers
947 1193 985 1274 4.

653 1409 863 1416 -——-—-

243 1607 298 1676 Ibi
323 1608 494 1696 leguntur
517 1609 609 1678 haee
633 1609 761 1678 verba:
789 1609 914 1696 „timui
935 1612 1313 1696 ego,nemepoetam

200 1743 383 1811 voearet.''
417 1743 634 1829 Eumolpus,
678 1745 871 1831 postquam
909 1763 1054 1811 carmen
1098 1743 1145 1812 ad
1181 1742 1313 1828 Troiae

199 1876 341 1947 halosin
367 1877 551 1962 pertinens
579 1875 849 1963 pronuntiavit,
874 1875 920 1944 ab
940 1875 1000 1962 iis,
1023 1877 1083 1964 qui
1108 1877 1145 1948 in
1169 1878 1314 1963 portici-

200 2010 265 2078 bus
285 2009 540 2095 spatiabantur
560 2010 677 2079 imbre
691 2009 836 2094 lapideo
850 2009 1026 2078 obruitur.
1041 2009 1171 2095 Capite
1183 2015 1313 2096 operto

198 2142 235 2210 in
271 2143 398 2230 fugam
429 2166 467 2212 se
499 2144 563 2213 dat
588 2147 625 2212 et
647 2146 753 2211 extra
776 2143 952 2230 templum
976 2141 1148 2228 profugit.
1173 2143 1314 2213 Deinde

199 2278 400 2364 sequuntur
425 2277 536 2345 verba
566 2296 659 2365 quae
684 2276 802 2345 attuli.
828 2275 929 2358 Quae
953 2278 1008 2343 est
1032 2296 1158 2343 eorum
1182 2275 1314 2362 signifi·

199 2407 323 2476 catio?
365 2408 611 2478 Buechelerus
649 2393 726 2494 ipse
765 2429 909 2498 quoque
945 2408 982 2476 in
1006 2408 1075 2475 hae
1099 2407 1314 2496 quaestione

197 2541 356 2611 haesisse
381 2542 544 2629 videtur,
568 2567 653 2612 nam
677 2544 712 2612 in
739 2543 840 2612 ealce
863 2541 1020 2629 paginae
1045 2542 1212 2611 adhunc
1236 2563 1313 2610 ver·

198 2698 276 2744 sum
299 2680 453 2745 annotat
465 2699 503 2745 se
517 2677 785 2762 exspectavisse
801 2677 1015 2763 „putarent”
1027 2698 1093 2762 pro
1108 2677 1314 2763 „voearet”

199 2809 322 2880 Facile
346 2812 508 2880 concedo
533 2812 628 2880 hane
648 2812 896 2880 coniecturam
915 2811 953 2879 in
967 2813 1180 2878 contextum
1192 2831 1313 2894 reeep-

197 2947 275 3012 tam
296 2945 482 3015 meliorem
495 2946 669 3031 praebere
682 2945 899 3015 sententiam
916 2965 1026 3032 quam
1039 2933 1313 3013 uerbumtradi·
1417 3019 1420 3029 ,

198 3080 295 3163 tum,
319 3080 383 3148 sed
405 3083 528 3148 tamen
554 3102 697 3163 vereor,
723 3083 763 3148 ut
780 3079 845 3146 illa
856 3074 1060 3147 mutatione
1072 3100 1129 3147 res
1142 3077 1314 3164 expedita

199 3211 386 3300 sitneque
410 3213 498 3280 mihi
522 3214 740 3298 persuadere
764 3236 909 3298 possum
934 3213 1053 3280 virum
1073 3212 1312 3282 clarissimum

198 3346 394 3431 genuinam
429 3348 628 3432 repperisse
659 3347 864 3416 lectionem.
898 3347 1023 3415 Manet
1047 3347 1141 3414 enim
1167 3369 1312 3432 serupu-

198 3481 271 3566 lus,
296 3481 359 3569 qui
382 3481 493 3550 etiam
517 3482 554 3550 in
579 3482 697 3550 verbis
721 3481 864 3550 traditis
888 3503 953 3549 nos
978 3480 1143 3550 offendit.
1168 3481 1312 3551 Eumol-

198 3636 285 3698 pum
309 3635 387 3682 esse
409 3617 557 3699 poetam
581 3614 693 3699 probe
718 3613 838 3682 sciunt
859 3613 900 3698 ii,
921 3613 982 3700 qni
1002 3611 1141 3698 lapides
1162 3614 1313 3684 mittunt

199 3750 236 3815 et
271 3747 417 3833 insuper
451 3751 605 3833 apparet
639 3769 684 3814 ex
715 3747 792 3816 eius
822 3747 935 3833 fuga·
954 3746 1074 3829 Quare
1105 3747 1216 3835 igitur
1239 3771 1312 3817 non

199 3879 374 3965 scriptum
411 3886 466 3950 est
502 3903 567 3968 „ne
598 3903 656 3949 me
687 3901 831 3969 quoqne
860 3883 1010 3967 'poetam
1035 3883 1229 3968 putarent”
1252 3882 1312 3950 vel

199 4013 377 4082 eiusmodi
401 4013 564 4103 aliquid?
589 4013 681 4096 Quid
701 4013 830 4082 timere
851 4013 959 4083 debet
972 4014 1191 4100 Encolpius?
1212 4014 1313 4085 Seili-

200 4150 259 4216 eet
289 4171 334 4216 ne
362 4148 590 4217 ambulantes
621 4148 917 4217 animadvertant
947 4148 1107 4237 aliquam
1137 4147 1205 4234 ipsi
1229 4172 1311 4217 eum
