3322 5290
717 492 758 557 17

169 720 272 788 hanc
307 720 526 790 sententiam
557 720 682 807 legens
715 720 848 790 sentiet
872 720 911 789 in
933 720 1085 790 vocibus
1111 719 1220 807 „nihil
1245 719 1314 787 ad·

168 873 322 920 manum
352 852 453 920 erat’'
476 852 594 922 inesse
617 853 693 920 vim
716 852 954 938 impediendi,
979 874 1072 938 quae
1095 851 1227 936 faciat,
1251 853 1294 918 ut

169 987 275 1054 recte
305 985 572 1072 subiungantur
608 1008 674 1074 „ne
708 985 854 1055 interim
889 987 1027 1071 praeda
1057 984 1292 1084 discederet-.”

168 1117 317 1216 Deinde
347 1117 386 1186 in
417 1118 483 1204 eis,
508 1101 609 1205 ¹quae
633 1122 851 1208 sequuntur,
874 1119 965 1187 mihi
988 1117 1171 1204 displicet,
1196 1105 1294 1203 quod

170 1271 259 1318 cum
291 1251 405 1320 verbo
442 1252 622 1338 „placuit”
658 1253 859 1339 iunguntur
892 1252 1049 1338 primum
1085 1250 1293 1320 Infinitivus

172 1382 368 1469 „addicere
378 1385 407 1468 ‚”
438 1383 493 1452 ita
512 1387 554 1452 ut
578 1384 752 1470 Ascyltus
776 1388 813 1454 et
835 1383 1033 1471 Encolpius
1056 1385 1180 1453 locum
1203 1382 1294 1451 obti-

170 1519 287 1584 neant
311 1516 388 1586 eius
411 1517 526 1602 partis
550 1517 772 1604 sententiae,
797 1540 890 1604 quae
911 1519 1024 1604 vulgo
1046 1517 1292 1605 „subiectum”

171 1648 399 1736 appellatur,
425 1654 463 1719 et
486 1651 617 1721 deindo
641 1651 806 1721 subiecto
830 1654 974 1721 mutato
998 1637 1086 1720 Ace.
1111 1672 1194 1719 cum
1218 1649 1293 1719 lnf:

174 1783 355 1870 „pretium
374 1783 523 1852 maioris
537 1783 742 1869 compendii
753 1784 930 1853 leviorem
943 1783 1066 1853 facere
1078 1781 1293 1852 iacturam.”

172 1915 332 1986 Accedit
366 1918 464 2001 quod
497 1938 564 2002 pro
602 1918 680 2004 „et”
715 1917 800 1986 libri
834 1917 1008 1986 exhibent
1045 1918 1127 2004 „ut”
1160 1919 1197 1985 et
1227 1938 1293 2002 pro

176 2048 341 2135 „iacere”
391 2049 583 2136 „laceret”
630 2049 861 2136 Quapropter
900 2071 974 2119 non
1017 2049 1124 2118 video
1138 2033 1152 2134 ,¹
1182 2071 1294 2134 quare

173 2181 350 2251 tradit-am
384 2182 581 2274 lectionem
617 2186 678 2269 „ut
711 2183 870 2269 pretium
904 2183 1052 2252 maioris
1089 2182 1295 2268 compendii

174 2315 352 2384 leviorem
385 2319 523 2386 iaceret
557 2317 760 2386 iacturam’'
795 2317 1041 2403 improbemus
1051 2365 1066 2402 ,.
1092 2337 1135 2384 eo
1159 2315 1294 2401 magis,

176 2447 274 2532 quod
297 2470 379 2517 meo
403 2448 538 2518 iudicio
559 2448 695 2517 bonum
717 2449 871 2535 praebet
890 2471 1044 2518 sensum.
1062 2446 1208 2517 Etenim
1221 2449 1294 2517 duo

175 2580 337 2650 latrones
384 2584 552 2651 statuunt
596 2583 749 2668 pallium
791 2582 931 2652 minore
973 2583 1092 2669 pretio
1136 2584 1295 2653 vendere

176 2718 364 2799 sperantes
406 2715 486 2784 fore
527 2719 569 2784 ut
605 2717 778 2785 damnum
811 2716 866 2784 ita
901 2718 1094 2801 acceptum
1128 2715 1296 2785 reficiant

176 2848 302 2917 tunica
324 2871 440 2934 parvo
463 2849 581 2935 pretio
605 2852 832 2935 recuperata.

222 2980 294 3052 Sed
318 3005 404 3052 ecce
427 2983 584 3069 mulier„
599 3005 693 3068 quae
717 3005 799 3051 cum
822 2982 962 3052 rustico
983 2985 1295 3068 steterat,agnos·

179 3115 229 3183 cit
263 3116 415 3200 pallium
450 3115 517 3184 sibi
553 3119 760 3202 surreptum
795 3119 833 3184 et
866 3115 1032 3184 vindicat
1067 3118 1104 3183 et
1141 3137 1295 3202 „magna

179 3247 444 3318 vociferatione
466 3250 628 3319 latrones
651 3247 798 3340 [tenere]
813 3247 1021 3317 clamavit.'’
1034 3247 1172 3332 Lectio,
1186 3271 1295 3334 quam

181 3385 371 3466 proposuit
416 3381 682 3468 Buechelerus,
716 3382 855 3451 nullam
890 3382 1003 3451 habet
1037 3382 1295 3466 offensionem,

180 3536 306 3584 verum
340 3519 463 3584 tamen
498 3516 587 3584 mihi
617 3538 691 3584 non
714 3518 770 3584 est
793 3537 1023 3602 persuasum,
1047 3537 1194 3584 necesse
1218 3537 1295 3584 esse

181 3671 309 3718 vocem
348 3649 514 3732 „tenere”
548 3649 651 3718 uncis
684 3649 831 3717 includi.
868 3649 986 3718 Immo
1017 3649 1107 3718 illud
1143 3649 1295 3718 verbum

181 3784 364 3850 servatum
410 3782 522 3851 etiam
556 3781 673 3868 magis
708 3781 939 3867 perspicuum
974 3781 1097 3850 facere
1133 3781 1294 3866 videtur,

182 3915 266 4000 quid
300 3913 437 3982 femina
473 3915 571 3983 velit.
608 3913 762 3995 Quando
798 3915 928 4000 aliquis
960 3916 1097 3984 clamat
1129 3914 1294 4002 „fures”?

181 4048 360 4118 Nimirum
395 4070 438 4117 eo
472 4049 553 4134 ipso
587 4052 770 4134 tempore,
802 4071 886 4116 curn
914 4048 1053 4117 furtum
1076 4049 1119 4117 fit
1140 4048 1296 4132 ideoque

182 4181 338 4249 maxime
374 4183 578 4251 cavendum
614 4186 682 4268 est,
718 4205 764 4251 nc
795 4181 1018 4250 coniciamus
1051 4181 1234 4266 „tenete‚''
1259 4181 1295 4248 in

1173 4311 1188 4358 2
