3322 5290
716 477 757 542 15

173 710 257 778 loco
282 709 455 792 corrupto
479 705 671 775 restituere
694 727 837 790 semper
858 703 1074 790 perdifficile
1097 707 1169 787 est,
1194 703 1291 789 equi·

175 845 257 913 dem
289 863 376 910 vero
400 863 474 909 non
498 839 625 908 dubito
651 838 737 924 quin
760 836 953 907 Petronius
977 837 1163 923 scripserit
1187 859 1292 924 „con-

174 975 301 1046 stitit’'.
326 973 366 1043 Si
385 973 457 1042 hoc
477 971 628 1040 verbum
647 971 685 1039 in
705 973 920 1040 contextum
939 971 1149 1057 recipimus,
1170 972 1293 1040 omnia

174 1111 274 1177 recte
308 1107 522 1192 procedunt.
555 1105 638 1190 Ipse
668 1126 812 1190 quoque
842 1103 1040 1189 Encolpius
1063 1103 1174 1189 paulo
1198 1124 1293 1172 com-

175 1241 310 1310 motior
345 1243 417 1325 est,
443 1239 539 1325 quod
563 1238 684 1308 subito
708 1238 872 1307 tunicam
895 1220 1048 1323 aspicit,
1068 1236 1170 1306 cuius
1193 1259 1293 1305 recu-

176 1374 360 1458 perandae
393 1394 494 1457 spem
529 1372 603 1439 iam
634 1371 782 1440 omnino
813 1371 999 1440 abiecerat
1032 1372 1096 1441 sed
1119 1371 1294 1458 Ascyltus

176 1506 279 1575 brevi
302 1509 467 1590 tempore
490 1527 528 1574 se
552 1504 682 1590 recipit
706 1508 744 1574 ct
767 1505 941 1575 continuo
962 1528 1085 1575 secum
1106 1501 1294 1590 deliberat,

178 1640 360 1725 quomodo
395 1639 582 1707 fortunam
618 1639 779 1708 oblatam
803 1639 841 1706 in
863 1661 968 1707 suum
992 1661 1098 1708 usum
1119 1639 1295 1707 conferat.

177 1774 220 1842 Id
238 1776 280 1842 ut
299 1773 455 1855 efficiat,
476 1773 523 1842 ad
542 1772 718 1842 rusticum
741 1775 950 1859 „tamquam
970 1773 1133 1858 emptor’'
1153 1773 1298 1842 accedit

178 1929 222 1975 ac
260 1906 469 1992 diligentius
500 1906 673 1974 laciniam
703 1906 911 1993 investigat.
943 1906 1143 1992 Postquam
1165 1929 1296 1976 aureos

177 2060 345 2107 nummos
368 2039 405 2106 in
425 2041 562 2106 sutura·
572 2038 731 2107 intactos
751 2039 1005 2124 deprehendit,
1026 2039 1161 2126 gaudio
1178 2040 1296 2108 elatus

178 2174 297 2242 lusum
330 2173 502 2242 fortunae
537 2173 707 2259 miratus,
744 2174 880 2242 tacitus
910 2174 1082 2243 fortunae
1111 2174 1226 2242 filium
1257 2197 1296 2244 se

178 2306 376 2391 praedicat.
399 2305 577 2391 Encolpio
595 2307 747 2376 seducto
766 2306 986 2392 insusurrat,
1007 2306 1093 2392 quid
1105 2307 1296 2375 invenerit.

180 2439 249 2509 Sed
276 2439 405 2524 quibus
434 2439 553 2508 verbis
578 2439 701 2508 dehis
725 2440 832 2509 rebus
857 2441 1053 2509 docemur?
1081 2440 1297 2528 „Ascyltus”

179 2614 223 2622 —
247 2575 331 2642 sunt
355 2573 469 2642 verba
491 2573 654 2642 Petronii
678 2615 722 2622 —
748 2577 852 2661 „post
872 2597 979 2660 quam
1001 2574 1207 2660 depositum
1220 2597 1298 2645 esse

179 2707 399 2775 inviolatum
423 2707 516 2775 vidit
539 2710 577 2776 et
598 2729 792 2792 personam
816 2707 1007 2802 vendentis
1031 2712 1297 2794 contemptam,

180 2839 326 2909 seduxit
356 2838 435 2908 me''
460 2862 490 2908 e.
516 2863 547 2926 q,
574 2863 600 2908 ε.
624 2841 787 2926 ingenue
810 2840 932 2909 fateor
954 2841 1046 2910 haec
1070 2842 1184 2910 verba
1206 2842 1297 2911 vitio

181 2997 306 3044 carere
331 2977 369 3043 et
390 2978 514 3043 tamen
538 2974 666 3043 dubito
691 2974 809 3044 sintne
833 2974 947 3043 verba
969 2974 1081 3059 ipsius
1101 2975 1297 3060 scriptoris.

181 3108 275 3178 Nam
321 3107 517 3192 unicuique
560 3107 620 3192 qui
663 3107 819 3192 primum
853 3107 985 3194 legerit
1019 3107 1297 3177 admirationem
1393 3131 1398 3137 ·

181 3245 327 3310 motura
361 3243 455 3308 sunt.
491 3239 579 3322 Quis
612 3240 705 3309 enim
737 3261 811 3308 non
842 3240 1036 3325 iudicabit,
1060 3240 1298 3325 posteriorem

181 3379 323 3462 partem
366 3374 569 3443 sententiae
611 3374 759 3442 omnino
803 3396 880 3443 esse
914 3373 1152 3460 languidam?
1188 3373 1236 3442 Et
1269 3375 1298 3443 si

181 3485 355 3594 llscyltus
388 3530 429 3577 re
467 3530 552 3576 vera
587 3508 789 3592 existimat,
825 3507 979 3575 alicuius
1002 3529 1080 3576 esse
1106 3507 1300 3592 momenti,

182 3643 279 3727 quod
313 3664 470 3727 persona
504 3642 695 3710 vendentis
725 3642 748 3709 i.
774 3664 803 3709 e.
829 3641 986 3710 rusticus
1010 3643 1065 3710 est
1087 3641 1216 3726 home,
1241 3641 1299 3709 cui

182 3774 357 3843 facillime
381 3774 495 3844 verba
519 3775 597 3843 dari
621 3774 777 3860 possint,
803 3773 923 3842 curin
944 3774 995 3842 eis
1014 3774 1150 3859 verbis,
1171 3774 1299 3859 quibus

182 3907 399 3992 Encolpium
446 3907 663 3992 alloquitur,
707 3907 784 3975 eius
816 3907 871 3974 rei
905 3906 1043 3973 nullam
1078 3905 1300 3973 mentionem

182 4039 297 4108 facit?
321 4039 429 4109 Unde
452 4039 566 4125 igitur
587 4039 653 4107 illa
676 4039 857 4124 quaestio:
886 4036 998 4124 „Quid
1024 4059 1111 4124 ergo
1135 4037 1300 4122 facimus

183 4176 248 4239 eut
283 4195 354 4257 quo
390 4173 468 4240 iure
498 4195 575 4240 rem
606 4175 770 4240 nostram
794 4171 1069 4239 vindicamus?'’
1093 4169 1194 4251 Quae
1219 4193 1301 4238 cum
