3322 5290
234 673 243 720 l

876 427 919 494 42

333 660 387 728 ita
410 658 591 728 sententia
615 658 775 727 concinit
799 681 880 726 cum
894 658 1016 728 studio
1028 659 1143 728 nestri
1155 660 1330 745 hominis,
1345 683 1450 746 quem

334 792 433 862 vitae
457 792 600 877 taedet,
625 814 730 862 casus
753 813 837 862 sues
861 792 1117 878 amplificandi.

379 926 438 995 Ad
478 929 684 1011 temporum
726 925 890 994 ordinem
929 926 1049 995 redeo.
1085 926 1260 1013 Ascyltus
1295 927 1452 997 victoria

334 1062 523 1145 reportata
546 1059 721 1144 superbus
745 1082 828 1128 cum
847 1060 1008 1145 praemio
1026 1081 1091 1129 suo
1106 1059 1333 1148 „stabulum”
1346 1061 1452 1131 relin-

335 1193 423 1280 quit.
471 1193 668 1279 Encolpius
703 1194 801 1262 solus
835 1193 872 1261 in
906 1193 989 1263 loco
1021 1194 1230 1281 peregrine,
1263 1198 1306 1263 ut
1340 1196 1452 1282 ipsius

335 1327 456 1397 verbis
488 1330 588 1413 utar,
612 1331 787 1398 remanet.
810 1329 1009 1414 Postquam
1033 1328 1175 1398 duobus
1199 1328 1363 1399 distichis
1385 1352 1452 1399 nos

335 1461 542 1546 admonuit,
574 1484 682 1546 quam
706 1461 842 1530 iustum
866 1465 961 1531 esset
983 1462 1233 1549 proverbium,
1259 1463 1356 1548 quod
1379 1466 1451 1532 est:

336 1603 486 1689 „Donec
510 1603 579 1672 eris
602 1603 709 1688 felix,
734 1604 870 1673 multos
889 1603 1097 1673 numerabis
1110 1605 1257 1689 amicos,
1270 1605 1453 1691 Tempora

335 1738 364 1806 si
390 1737 525 1806 luerint
548 1737 691 1822 nubila,
715 1738 814 1806 solus
834 1737 903 1806 eris
913 1739 944 1823 ,³²
965 1738 1122 1807 alterum
1134 1738 1297 1824 sequitur
1308 1761 1453 1825 poema-

336 1871 445 1956 tium,
477 1871 565 1940 item
606 1894 651 1939 ex
687 1870 829 1940 duobus
864 1871 1028 1940 distichis
1065 1874 1246 1940 constans.
1281 1871 1453 1959 Legimus

337 2005 450 2074 enim:

380 2296 469 2360 grex
493 2274 570 2359 agit
593 2273 631 2341 in
654 2296 787 2342 scaena
810 2274 976 2342 mimum:
1002 2277 1106 2360 pater
1128 2273 1191 2342 ille
1216 2277 1386 2359 vocatur,

424 2409 520 2478 filius
544 2409 620 2494 hic,
645 2430 778 2477 nomen
802 2407 925 2477 divitis
949 2408 1011 2478 ille
1034 2412 1146 2478 tenet.

382 2565 467 2612 mox
491 2543 553 2611 ubi
576 2542 745 2611 ridendas
767 2541 915 2611 inclusit
938 2542 1073 2629 pagina
1095 2546 1236 2629 parteS,

427 2701 515 2747 vera
538 2677 633 2746 redit
656 2677 787 2761 facies,
813 2677 899 2745 dum
922 2676 1094 2745 simulata
1117 2677 1221 2762 perit.

381 2946 464 3015 Hoc
499 2969 646 3015 carmen
671 2946 730 3014 vel
754 2946 875 3031 potius
899 2945 1005 3014 huius
1031 2945 1200 3014 carminis
1225 2968 1350 3015 versus
1374 2965 1454 3031 pre·
1496 2967 1500 2979 ·

338 3081 456 3150 ximus
488 3103 510 3148 a
540 3082 724 3164 postremo
755 3079 885 3148 misere
909 3079 1137 3148 deformatur
1159 3079 1321 3165 macula,
1346 3101 1455 3164 quam

337 3214 584 3285 Buechelerus
615 3213 651 3281 in
676 3213 835 3283 editione
859 3212 970 3282 tertia
989 3212 1184 3282 satirarum
1205 3212 1326 3283 delere
1350 3235 1456 3282 cona-

336 3352 396 3418 tus
431 3357 503 3433 est,
539 3370 622 3416 cum
648 3368 714 3433 pro
740 3346 917 3434 „pagiua”
945 3346 1103 3415 coniecit
1129 3346 1340 3432 „machina”
1365 3350 1402 3415 et
1425 3346 1455 3416 si

320 3482 512 3578 exemplis
554 3480 783 3566 comprobari
828 3482 968 3565 posset,
1012 3480 1233 3549 vocabulum
1273 3481 1369 3566 quod
1401 3483 1456 3550 est

340 3616 551 3701 „maehina”
575 3616 726 3684 eandem
749 3613 823 3682 vim
842 3613 977 3682 habere
989 3635 1095 3698 posse
1108 3616 1218 3699 atque
1233 3613 1455 3700 „aulaeum”

337 3769 411 3815 non
453 3748 657 3817 dubitarem
692 3748 769 3817 eius
805 3746 1064 3815 auctoritatem
1100 3748 1211 3833 sequi.
1248 3748 1290 3816 ln
1325 3750 1457 3833 quarta

337 3885 462 3951 tamen
506 3881 665 3951 editione
696 3882 819 3951 omisit
853 3904 956 3950 suam
988 3883 1254 3967 coniecturam,
1286 3882 1324 3951 in
1355 3882 1456 3950 ealce

339 4019 439 4085 certe
472 4015 629 4102 paginae
664 4016 765 4084 nulla
799 4016 997 4101 reperitur..
1025 4016 1158 4086 Nescio
1196 4039 1289 4102 quae
1324 4039 1457 4085 causae

339 4137 460 4219 ¹virum
504 4148 743 4218 clarissimum
785 4150 1005 4218 adduxerint
1040 4153 1080 4218 ut
1112 4139 1319 4235 opinionem
1354 4172 1458 4218 suam
