3322 5290
733 421 772 484 11

190 649 287 718 onim
310 649 446 736 legitur
469 649 504 718 in
530 649 726 718 codicibus.
752 649 854 732 Quae
877 650 950 719 sint
972 651 1044 720 ista
1067 652 1217 738 reliqua,
1241 676 1307 723 nos

189 784 291 852 latet.
327 783 460 852 Exstat
494 784 590 852 enim
623 785 757 853 lacuna
792 807 885 870 quae
919 784 1024 861 lacit,
1058 790 1099 853 ut
1129 786 1167 854 in
1196 786 1307 856 dubio

190 917 311 986 simus.
354 917 525 986 Fortasse
564 919 820 987 tantummodo
856 918 1021 1005 cogitare
1055 918 1228 988 debemus
1262 921 1308 988 de

192 1073 283 1119 cena
306 1074 330 1118 a
353 1049 487 1120 Gitone
509 1055 658 1137 parata,
684 1074 792 1137 quam
817 1052 899 1120 rixa
920 1052 1181 1138 interpellavit.

239 1184 412 1254 Attamen
436 1184 688 1254 reconciliatio
711 1188 859 1254 nonest
878 1185 1068 1270 diuturna,
1081 1207 1167 1253 nam
1179 1186 1308 1254 Encol-

191 1319 289 1404 pius,
324 1322 366 1387 ut
401 1322 456 1388 est
482 1319 644 1388 invidiae
668 1320 813 1405 plenus,
837 1318 992 1388 iniuriae
1015 1320 1207 1388 immemor
1229 1320 1308 1388 fieri

192 1475 265 1521 non
296 1455 419 1538 potest
452 1457 490 1522 et
524 1453 690 1522 omnibus
719 1453 827 1523 rebus
859 1453 1132 1538 circumspectis
1157 1453 1309 1522 comites

193 1586 421 1656 constituunt
444 1587 621 1672 optimum
643 1609 720 1656 esse
732 1586 829 1655 bona
845 1609 912 1656 sua
922 1587 977 1655 ita
988 1587 1084 1655 inter
1096 1608 1134 1655 se
1146 1585 1309 1655 dividere

192 1724 233 1789 ut
253 1743 358 1790 suum
370 1723 523 1806 uterque
536 1721 701 1790 obtineat
713 1724 751 1790 et
763 1744 864 1790 suam
879 1724 1073 1807 utrumque
1085 1723 1187 1808 sequi
1200 1722 1308 1790 viam.

192 1854 278 1924 Una
300 1857 423 1922 tamen
447 1876 504 1923 res
525 1854 665 1940 obstat,
687 1854 878 1939 quominus
891 1854 1016 1922 statim
1025 1853 1123 1923 inter
1135 1877 1174 1925 se
1186 1855 1310 1924 valere

192 1989 361 2071 iubeant3
385 2011 471 2057 nam
493 1992 681 2074 tamquam
706 1987 914 2056 scholastici
940 1988 1090 2075 „hodia”
1114 1990 1162 2058 ad
1182 2007 1310 2058 cenam

193 2123 437 2208 promiserunt
467 2122 623 2208 ideoque
643 2122 899 2192 discessionem
922 2121 960 2191 in
983 2123 1190 2208 proximum
1214 2123 1310 2192 diem

193 2257 434 2327 differendam
460 2278 537 2326 esse
560 2256 735 2342 Ascyltos
755 2259 888 2326 censet.
910 2255 1012 2338 Quae
1028 2259 1084 2326 est
1107 2279 1199 2326 cena
1220 2257 1310 2325 illa?

193 2390 306 2459 Estne
342 2413 433 2459 cena
466 2390 764 2476 Trimalchionis,
796 2413 890 2476 quae
913 2390 1132 2462 describitur
1149 2392 1187 2459 in
1207 2412 1310 2476 capp.

194 2526 325 2594 26-79
361 2524 480 2610 operis
514 2524 652 2594 nostri?
687 2523 748 2594 Sic
777 2524 941 2611 plerique
973 2526 1111 2594 volunt.
1144 2524 1216 2595 Sed
1237 2547 1312 2594 non

195 2662 269 2742 est,
283 2658 497 2743 verisimile,
529 2681 615 2726 nam
643 2681 688 2727 ex
713 2657 764 2727 eis
788 2681 882 2744 quae
906 2661 1116 2745 sequuntur,
1139 2658 1312 2745 colligere

195 2795 367 2864 debemus
402 2795 516 2877 diem,
551 2794 596 2862 de
632 2815 704 2880 quo
749 2815 847 2861 nunc
881 2793 1041 2880 agimus,
1076 2791 1200 2861 multis
1231 2791 1311 2861 aliis

193 2929 351 3016 negotiis
375 2932 413 2998 et
437 2927 580 2997 casibus
605 2927 780 2996 consumi.
808 2925 1032 3013 „Deficiente
1055 2925 1139 2995 die''
1160 2966 1204 2973 -
1228 2928 1313 2995 sunt

194 3062 307 3131 verba
336 3063 495 3132 ineuntis
524 3063 654 3148 capitis
678 3063 883 3132 duodecimi
911 3101 950 3110 -
974 3062 1012 3129 in
1034 3061 1312 3132 lorumdescen-

194 3197 286 3265 dunt
323 3200 377 3282 et,
420 3197 457 3264 in
498 3197 706 3266 cubiculum
748 3219 852 3265 suum
887 3195 1060 3282 regressi,
1095 3217 1160 3280 per
1194 3196 1313 3263 totam

194 3334 340 3400 noctem
365 3330 515 3400 obnoxii
539 3334 624 3399 sunt
642 3330 856 3415 blanditiis,
869 3330 997 3416 quibus
1010 3328 1191 3412 Quartilla
1203 3351 1314 3416 maga

195 3467 343 3552 eiusque
367 3466 519 3535 comites
543 3487 605 3534 eos
628 3468 903 3551 persequuntur.
924 3464 1123 3534 Praeterea
1142 3463 1313 3549 incapite

195 3601 238 3669 26
272 3600 443 3687 legimus:
482 3601 656 3686 „venerat
685 3599 759 3666 iam
790 3599 920 3668 tertius
945 3597 1061 3683 dies,''
1082 3619 1176 3683 quae
1200 3595 1314 3664 verba

195 3733 331 3817 optime
374 3731 572 3800 concinunt
606 3753 690 3800 cum
722 3731 866 3799 ratione
893 3752 1034 3813 rerum,
1066 3729 1096 3799 si
1127 3729 1313 3815 ponimuS,

195 3889 322 3935 cenam
356 3865 637 3935 Trimalchionis
672 3865 783 3933 aliam
818 3887 895 3934 esse
930 3867 1040 3950 atque
1072 3887 1170 3950 eam,
1204 3886 1313 3950 quam

194 4001 369 4086 Ascyltus
392 4000 570 4069 hocloco
594 3999 743 4068 indicat.

240 4133 345 4217 Quod
380 4135 426 4203 ad
462 4133 599 4204 Gitona
630 4133 781 4220 attinet,
806 4134 980 4220 Ascyltus
1003 4157 1077 4204 non
1101 4136 1313 4220 cunctatur,
