3322 5290
748 439 790 506 23

204 670 308 756 pallii
331 669 559 739 referendam
584 691 661 738 esse
685 691 751 755 pro
776 623 877 739 certo
901 670 1030 739 habeo.
1044 671 1126 738 Hoc
1138 667 1248 739 modo
1260 669 1324 756 igi·

205 806 267 870 tur
290 802 455 871 ordinem
477 824 599 871 rerum
622 804 759 889 fingere
783 803 916 872 debere
939 785 1116 888 videmur,
1130 789 1324 889 Ascyltum

206 940 244 1006 et
278 936 497 1023 Encolpium
533 937 753 1007 consociatis
784 937 921 1007 viribus
949 940 1014 1007 aut
1037 938 1255 1007 alterutrum
1279 961 1325 1010 ex

206 1069 258 1138 eis
302 1069 495 1139 occasione
535 1069 662 1139 oblata
696 1070 733 1139 in
769 1070 945 1139 sacellum
980 1067 1164 1156 quoddam
1199 1069 1323 1156 Priapi

204 1202 391 1287 irrepsisse
424 1205 461 1272 et
490 1203 574 1272 inde
598 1203 750 1289 pallium
773 1203 916 1272 furatos
940 1225 1027 1272 esse.
1053 1203 1191 1273 Verum
1213 1202 1323 1272 etiam

205 1337 324 1406 maius
359 1337 476 1406 scelus
511 1337 610 1406 fures
645 1337 682 1405 in
717 1360 756 1406 se
790 1337 1016 1406 admiserunt
1047 1358 1108 1421 e0,
1141 1337 1255 1423 quod,
1284 1340 1326 1405 ut

205 1469 385 1552 Quartilla
409 1493 470 1540 eos
494 1472 604 1541 docet
627 1475 664 1540 et
687 1471 807 1541 verbis
828 1491 938 1557 supra
953 1447 1130 1556 laudatis,
1144 1491 1325 1557 quaenam
1458 1539 1461 1546 ,

207 1607 263 1672 est
285 1604 377 1673 haec
397 1604 574 1673 audacia'’
587 1605 661 1673 iam
674 1605 861 1689 indicavit,
878 1606 1127 1690 ,aspexerunt
1141 1604 1238 1690 quod
1250 1626 1325 1673 non

205 1737 342 1806 licuit?
378 1736 449 1807 Sed
480 1760 554 1807 uno
580 1738 721 1825 impetu
744 1738 873 1806 eadem
896 1737 1027 1823 impios
1051 1741 1152 1806 metu
1173 1737 1324 1823 liberat,

207 1894 289 1940 cum
321 1850 568 1958 obiurgationi
592 1894 680 1941 suae
702 1913 746 1919 —
770 1875 903 1958 quotus
926 1871 1077 1958 quisque
1097 1871 1193 1941 enim
1217 1872 1326 1956 culpa

208 2004 342 2074 vacat?
366 2045 410 2052 —
434 2005 526 2074 haec
550 2005 663 2073 verba
687 2005 791 2073 mitia
815 2005 934 2074 addit:
961 2027 1025 2091 „ao
1045 2027 1092 2073 ne
1110 2025 1168 2074 me
1188 1991 1324 2090 putetis

205 2139 355 2210 ultionis
386 2162 499 2209 causa
520 2140 593 2209 huc
617 2139 778 2224 venisse,
801 2140 925 2208 aetate
945 2137 1063 2224 magis
1085 2114 1208 2206 uestra
1228 2159 1324 2206 com·

206 2294 359 2341 moveor
381 2295 490 2358 quam
509 2273 643 2342 iniuria
655 2295 754 2341 mea:
767 2272 1015 2357 imprudentes
1029 2271 1135 2357 enim,
1147 2273 1191 2339 ut
1204 2271 1326 2340 adhuc

206 2409 314 2492 pulc,
349 2406 545 2475 admisistis
579 2405 800 2491 inexpiabile
835 2405 984 2474 scelus.”
1017 2403 1074 2473 Ac
1104 2427 1150 2474 ne
1181 2403 1324 2474 scelesti

205 2542 354 2625 putent,
379 2562 460 2608 eam
484 2540 658 2609 delictum
684 2539 720 2607 in
740 2539 857 2608 maius
878 2539 1073 2624 extollere,
1087 2538 1324 2626 signaaffert,

207 2673 336 2759 quibus
360 2672 532 2758 illustret,
556 2673 650 2740 iram
670 2672 738 2742 Dei
753 2648 827 2741 iam
839 2671 1162 2752 manifestamesse
1175 2667 1323 2739 factam.

209 2807 314 2894 „Ipsa
348 2806 493 2893 quidem
504 2808 533 2892 ,”
570 2806 688 2892 inquit
725 2806 809 2888 „illa
837 2809 947 2875 nocte
973 2807 1110 2875 vexata
1133 2807 1211 2873 tam
1233 2804 1325 2890 peri·

207 2940 333 3010 culoso
368 2941 532 3009 inhorrui
563 2940 717 3027 frigore,
742 2943 784 3008 ut
807 2939 988 3009 tertianae
1013 2939 1123 3008 etiam
1148 2939 1324 3023 impetum

207 3074 390 3144 timeam.”
427 3072 617 3144 Sententia
651 3073 782 3141 horum
816 3072 1013 3141 verborum
1047 3095 1121 3142 non
1151 3071 1239 3141 satis
1270 3074 1326 3141 est

207 3206 409 3293 perspicua.
459 3207 548 3289 ,Illa
592 3207 672 3292 ipsa
717 3208 812 3276 nox'’
855 3206 1027 3275 nimirum
1066 3209 1121 3275 est
1156 3228 1216 3291 ea,
1252 3220 1326 3293 qua

207 3341 359 3426 pallium
405 3341 647 3427 interceptum
684 3344 740 3410 est
774 3343 812 3408 et
846 3340 1021 3425 Ascyltus
1057 3343 1094 3408 et
1127 3338 1325 3424 Encolpius

207 3497 350 3544 sacrum
396 3474 520 3560 Priapi
559 3475 809 3556 violaverunt3
854 3477 892 3542 et
924 3471 1142 3554 Quartillam
1177 3475 1327 3558 propter

208 3611 346 3676 metum
387 3607 464 3677 irae
498 3607 645 3676 divinae
679 3607 717 3674 in
751 3606 881 3675 febrim
915 3605 1099 3690 incidisse,
1134 3605 1206 3674 hoc
1241 3628 1326 3691 quo·

208 3763 278 3828 que
332 3740 495 3827 intellegi
548 3742 680 3825 potest.
735 3737 805 3809 Sed
858 3739 945 3825 quid
996 3738 1062 3808 sibi
1110 3739 1190 3807 vult
1234 3738 1325 3807 illud

210 3875 380 3962 „timeam
390 3877 420 3960 ,’'
452 3897 536 3943 cum
559 3875 597 3943 in
622 3877 790 3959 caparte
813 3873 972 3959 periodi,
996 3874 1092 3959 quod
1117 3876 1173 3942 est
1195 3876 1324 3960 caput,

207 4010 354 4096 legatur
379 4007 595 4095 „inhorrui”
620 4006 716 4077 Sane
740 4007 819 4077 fieri
834 4009 974 4093 potest,
988 4010 1030 4075 ut
1041 4030 1138 4076 nuno
1148 4007 1326 4092 impetum

210 4141 392 4212 tertianae
422 4142 569 4227 timeat,
594 4142 690 4227 quod
715 4136 868 4228 colligat
891 4163 937 4210 ex
958 4162 1019 4226 e0,
1044 4141 1141 4226 quod
1160 4141 1224 4209 illa
1246 4140 1326 4226 ipsa
