3322 5290
734 469 775 534 21

201 699 252 768 eis
287 722 381 785 quae
415 700 589 786 leguntur
621 699 658 767 in
692 699 812 785 capite
844 700 1142 786 decimoquarto
1169 701 1319 788 „mulier

201 836 331 918 operto
367 833 506 918 capite,
543 855 636 918 quae
672 854 755 900 cum
789 832 926 901 rustico
962 832 1151 902 steterat.'’
1179 832 1251 903 Sed
1275 856 1320 903 ea

201 967 439 1036 consensione
463 967 629 1052 quamvis
653 967 747 1034 mira
770 967 921 1052 omissa,
947 967 1065 1052 quivis
1089 969 1231 1051 tamen,
1258 966 1319 1052 qui

199 1101 297 1168 hunc
320 1101 443 1169 locum
466 1100 686 1186 perlegerit,v
704 1101 799 1168 hanc
824 1099 1073 1186 quaestionem
1097 1100 1165 1169 sibi
1188 1103 1318 1186 ponet,

201 1234 262 1321 qui
309 1234 506 1319 Encolpius
552 1233 678 1303 statim
723 1256 923 1321 agnoscere
962 1234 1077 1320 possit
1111 1235 1317 1322 mulierem,

201 1369 303 1438 cuius
328 1370 440 1453 caput
463 1370 630 1453 opertum
655 1367 732 1436 cst?
756 1366 934 1452 Equidem
958 1389 1032 1436 non
1052 1367 1237 1454 intellego.
1259 1367 1318 1435 An

200 1504 256 1571 est
295 1522 397 1570 mera
438 1500 605 1585 Encolpii
648 1499 823 1585 suspici0‚
859 1503 949 1568 nata
984 1523 1030 1569 ex
1064 1500 1319 1586 praesagiente

200 1634 424 1704 conscientia
458 1633 545 1701 mali
579 1633 777 1702 facinoris?
814 1632 971 1703 Credere
1005 1655 1079 1703 non
1111 1656 1258 1720 possum
1281 1638 1319 1703 et

200 1792 244 1838 aa
275 1770 320 1838 de
345 1791 457 1837 causa
480 1771 546 1836 aut
569 1768 682 1837 verba
707 1767 792 1854 „illa
814 1768 956 1838 scilicet
979 1791 1072 1854 quae
1095 1769 1207 1854 paulo
1232 1771 1318 1837 ante

200 1923 283 1968 cum
305 1901 443 1969 rustico
456 1884 642 1969 'steterat'
667 1901 835 1970 Iacobsio
860 1904 1011 1970 auctore
1032 1894 1198 1970 eicienda
1214 1905 1316 1986 sunt,

200 2038 265 2104 aut
289 2034 462 2122 „operto”
486 2035 703 2104 mutandum
723 2035 760 2103 in
781 2035 964 2122 „apertos
984 2036 1081 2105 Illud
1095 2034 1182 2104 mihi
1195 2036 1317 2121 potius

199 2169 354 2238 videtur.

242 2303 441 2389 Postquam
465 2303 595 2373 mulier
613 2303 692 2388 quis
713 2306 809 2372 esset
828 2302 965 2371 amicos
978 2305 1123 2372 nostros
1138 2303 1317 2372 attonitos

199 2437 346 2506 edocuit
377 2458 510 2522 eosque
543 2437 716 2506 certiores
739 2436 830 2505 fecit
852 2457 891 2504 se
914 2412 1151 2521 praemissam
1175 2457 1252 2504 esse
1276 2438 1318 2503 ut

197 2571 377 2640 indicaret
422 2571 607 2640 dominam
652 2593 756 2640 suam
802 2569 1020 2652 Quartillam
1066 2570 1208 2640 venisse
1255 2592 1316 2639 eos

198 2703 355 2773 adeundi
380 2701 696 2790 cognoscendique
721 2727 849 2788 causa,
869 2704 949 2789 ipsa
969 2702 1166 2789 Quartilla,
1187 2704 1318 2772 mulier

197 2837 310 2906 sacris
334 2837 458 2922 Priapi
488 2837 635 2923 dedita,
672 2838 787 2907 intrat
821 2859 915 2924 „una
948 2837 1125 2906 comitata
1155 2837 1315 2925 virgine,

197 2970 397 3055 sedensque
416 2992 525 3055 super
544 2973 665 3039 torum
687 2992 809 3038 meum
829 2969 890 3037 diu
910 2969 1047 3041 flevit.’‘
1059 2970 1130 3037 Pro
1145 2969 1315 3056 „sedens”

197 3101 322 3170 malim
344 3102 516 3188 „sidens’'‚
538 3102 622 3188 quia
640 3102 733 3171 haec
753 3126 826 3171 vox
839 3102 955 3190 magis
968 3105 1024 3172 est
1036 3104 1316 3172 accommodata

197 3236 245 3305 ad
268 3236 486 3306 sententiam
509 3237 616 3306 huius
639 3238 723 3306 loci.
748 3237 832 3306 Non
853 3237 1001 3324 ignoro,
1026 3259 1204 3323 nusquam
1228 3237 1315 3305 alibi

198 3370 294 3454 apud
318 3369 533 3455 scriptorem
553 3374 717 3439 nostrum
738 3371 810 3439 hoc
830 3371 983 3439 verbum
1002 3370 1171 3457 inveniri,
1186 3373 1315 3439 contra

197 3504 350 3574 verbum
389 3504 577 3587 „sedendi”
612 3505 858 3589 compluribus
892 3505 984 3573 locis
1015 3525 1217 3573 occurrere.
1243 3502 1314 3573 Sed

196 3637 279 3706 illos
327 3639 429 3706 locos
468 3641 698 3707 recensentes
744 3638 928 3723 videmus,
972 3638 1123 3707 verbum
1165 3639 1313 3709 sedendi

196 3793 375 3856 nusquam
398 3793 472 3840 non
494 3771 563 3839 nisi
586 3792 652 3839 suo
673 3771 821 3856 proprio
842 3772 987 3841 atvero
1008 3793 1115 3840 sensu
1136 3773 1313 3857 usurpari,

198 3926 280 3972 curn
299 3903 360 3972 hic
379 3903 456 3972 sine
475 3903 585 3972 dubio
597 3904 700 3974 notio
716 3903 815 3972 verbi
830 3904 1083 3991 „considendi”
1096 3904 1312 3990 requiratur.

198 4035 353 4104 Accedit
376 4037 473 4124 quod
494 4037 592 4121 apud
611 4039 810 4122 auctorem,
832 4036 892 4122 qui
905 4036 942 4104 in
954 4039 1013 4105 tot
1024 4036 1131 4105 rebus
1144 4036 1313 4122 scriptori

197 4172 322 4238 nostro
355 4170 523 4255 exemplo
547 4169 634 4255 fuit,
659 4192 765 4254 quem
790 4169 1018 4255 potissimum
1042 4169 1209 4237 imitatur
1230 4170 1269 4238 et
1291 4192 1314 4237 a
