<?xml version="1.0" encoding="UTF-8"?>
<!DOCTYPE html PUBLIC "-//W3C//DTD XHTML 1.0 Transitional//EN"
    "http://www.w3.org/TR/xhtml1/DTD/xhtml1-transitional.dtd">
<html xmlns="http://www.w3.org/1999/xhtml" xml:lang="en" lang="en">
 <head>
  <title>
</title>
<meta http-equiv="Content-Type" content="text/html;charset=utf-8" />
  <meta name='ocr-system' content='tesseract 3.04.00' />
  <meta name='ocr-capabilities' content='ocr_page ocr_carea ocr_par ocr_line ocrx_word'/>
</head>
<body>
  <div class='ocr_page' id='page_1' title='image "./animadversiones00blomgoog/animadversiones00blomgoog_0071.png"; bbox 0 0 3322 5290; ppageno 0'>
   <div class='ocr_carea' id='block_1_1' title="bbox 878 465 921 530">
    <p class='ocr_par' dir='ltr' id='par_1_1' title="bbox 878 465 921 530">
     <span class='ocr_line' id='line_1_1' title="bbox 878 465 921 530; baseline 0.023 -1"><span class='ocrx_word' id='word_1_1' title='bbox 878 465 921 530; x_wconf 76' lang='lat'>58</span> 
     </span>
    </p>
   </div>
   <div class='ocr_carea' id='block_1_2' title="bbox 578 762 1221 921">
    <p class='ocr_par' dir='ltr' id='par_1_2' title="bbox 578 762 1221 921">
     <span class='ocr_line' id='line_1_2' title="bbox 578 762 1221 921; baseline 0 -23"><span class='ocrx_word' id='word_1_2' title='bbox 578 818 640 899; x_wconf 81' lang='lat' dir='ltr'>Ad</span> <span class='ocrx_word' id='word_1_3' title='bbox 669 842 753 921; x_wconf 79' lang='lat' dir='ltr'>oap.</span> <span class='ocrx_word' id='word_1_4' title='bbox 783 817 911 898; x_wconf 82' lang='lat' dir='ltr'>XCIII</span> <span class='ocrx_word' id='word_1_5' title='bbox 939 841 1029 900; x_wconf 87' lang='lat' dir='ltr'>vers</span> <span class='ocrx_word' id='word_1_6' title='bbox 1057 762 1221 898; x_wconf 76' lang='lat'><strong>28—32.</strong></span> 
     </span>
    </p>
   </div>
   <div class='ocr_carea' id='block_1_3' title="bbox 472 1055 1261 1677">
    <p class='ocr_par' dir='ltr' id='par_1_3' title="bbox 472 1055 1067 1141">
     <span class='ocr_line' id='line_1_3' title="bbox 472 1055 1067 1141; baseline -0.002 -16"><span class='ocrx_word' id='word_1_7' title='bbox 472 1057 547 1126; x_wconf 88' lang='lat' dir='ltr'>ales</span> <span class='ocrx_word' id='word_1_8' title='bbox 570 1056 757 1126; x_wconf 77' lang='lat' dir='ltr'><strong>Phasiacis</strong></span> <span class='ocrx_word' id='word_1_9' title='bbox 781 1055 898 1141; x_wconf 77' lang='lat' dir='ltr'>petita</span> <span class='ocrx_word' id='word_1_10' title='bbox 922 1055 1067 1125; x_wconf 83' lang='lat' dir='ltr'>Colchis</span> 
     </span>
    </p>

    <p class='ocr_par' dir='ltr' id='par_1_4' title="bbox 472 1188 1261 1677">
     <span class='ocr_line' id='line_1_4' title="bbox 472 1188 1244 1278; baseline -0.003 -20"><span class='ocrx_word' id='word_1_11' title='bbox 472 1194 583 1278; x_wconf 76' lang='lat' dir='ltr'>atque</span> <span class='ocrx_word' id='word_1_12' title='bbox 607 1188 721 1258; x_wconf 84' lang='lat' dir='ltr'>Afrae</span> <span class='ocrx_word' id='word_1_13' title='bbox 745 1190 913 1258; x_wconf 85' lang='lat' dir='ltr'>volueres</span> <span class='ocrx_word' id='word_1_14' title='bbox 937 1189 1085 1274; x_wconf 76' lang='lat' dir='ltr'>plaoenl</span> <span class='ocrx_word' id='word_1_15' title='bbox 1107 1190 1244 1274; x_wconf 77' lang='lat' dir='ltr'>palate,</span> 
     </span>
     <span class='ocr_line' id='line_1_5' title="bbox 472 1320 1261 1412; baseline -0.004 -21"><span class='ocrx_word' id='word_1_16' title='bbox 472 1323 569 1412; x_wconf 88' lang='lat' dir='ltr'>qnod</span> <span class='ocrx_word' id='word_1_17' title='bbox 590 1345 663 1391; x_wconf 94' lang='lat' dir='ltr'>non</span> <span class='ocrx_word' id='word_1_18' title='bbox 687 1325 771 1391; x_wconf 75' lang='lat' dir='ltr'>suni</span> <span class='ocrx_word' id='word_1_19' title='bbox 793 1320 938 1391; x_wconf 79' lang='lat' dir='ltr'>faciles:</span> <span class='ocrx_word' id='word_1_20' title='bbox 964 1325 1004 1390; x_wconf 75' lang='lat' dir='ltr'>at</span> <span class='ocrx_word' id='word_1_21' title='bbox 1027 1321 1130 1390; x_wconf 88' lang='lat' dir='ltr'>albus</span> <span class='ocrx_word' id='word_1_22' title='bbox 1155 1343 1261 1389; x_wconf 89' lang='lat' dir='ltr'>anser</span> 
     </span>
     <span class='ocr_line' id='line_1_6' title="bbox 473 1455 1105 1541; baseline 0 -17"><span class='ocrx_word' id='word_1_23' title='bbox 473 1459 511 1524; x_wconf 75' lang='lat' dir='ltr'>eb</span> <span class='ocrx_word' id='word_1_24' title='bbox 533 1455 640 1541; x_wconf 84' lang='lat' dir='ltr'>pictis</span> <span class='ocrx_word' id='word_1_25' title='bbox 664 1478 753 1524; x_wconf 85' lang='lat' dir='ltr'>anas</span> <span class='ocrx_word' id='word_1_26' title='bbox 776 1459 955 1525; x_wconf 77' lang='lat' dir='ltr'>renovata</span> <span class='ocrx_word' id='word_1_27' title='bbox 979 1456 1105 1540; x_wconf 89' lang='lat' dir='ltr'>pennis</span> 
     </span>
     <span class='ocr_line' id='line_1_7' title="bbox 473 1589 938 1677; baseline -0.002 -20"><span class='ocrx_word' id='word_1_28' title='bbox 473 1589 656 1675; x_wconf 88' lang='lat' dir='ltr'>plebeium</span> <span class='ocrx_word' id='word_1_29' title='bbox 679 1589 775 1674; x_wconf 69' lang='lat' dir='ltr'>sapit</span> <span class='ocrx_word' id='word_1_30' title='bbox 799 1611 829 1658; x_wconf 89' lang='lat' dir='ltr'>e.</span> <span class='ocrx_word' id='word_1_31' title='bbox 854 1609 886 1677; x_wconf 90' lang='lat' dir='ltr'>q.</span> <span class='ocrx_word' id='word_1_32' title='bbox 912 1613 938 1657; x_wconf 90' lang='lat' dir='ltr'>s.</span> 
     </span>
    </p>
   </div>
   <div class='ocr_carea' id='block_1_4' title="bbox 264 1854 1459 3676">
    <p class='ocr_par' dir='ltr' id='par_1_5' title="bbox 264 1854 1459 3676">
     <span class='ocr_line' id='line_1_8' title="bbox 385 1854 1457 1944; baseline 0 -18"><span class='ocrx_word' id='word_1_33' title='bbox 385 1859 427 1926; x_wconf 90' lang='lat' dir='ltr'>In</span> <span class='ocrx_word' id='word_1_34' title='bbox 458 1858 529 1926; x_wconf 89' lang='lat' dir='ltr'>hoo</span> <span class='ocrx_word' id='word_1_35' title='bbox 553 1856 714 1925; x_wconf 81' lang='lat' dir='ltr'>carmine</span> <span class='ocrx_word' id='word_1_36' title='bbox 737 1855 827 1924; x_wconf 91' lang='lat' dir='ltr'>ordo</span> <span class='ocrx_word' id='word_1_37' title='bbox 851 1854 1114 1924; x_wconf 69' lang='lat' dir='ltr'>sententiarum</span> <span class='ocrx_word' id='word_1_38' title='bbox 1138 1876 1233 1944; x_wconf 88' lang='lat' dir='ltr'>quae</span> <span class='ocrx_word' id='word_1_39' title='bbox 1256 1857 1304 1925; x_wconf 78' lang='lat' dir='ltr'>sit</span> <span class='ocrx_word' id='word_1_40' title='bbox 1327 1861 1457 1942; x_wconf 80' lang='lat' dir='ltr'>sponte</span> 
     </span>
     <span class='ocr_line' id='line_1_9' title="bbox 341 1987 1458 2076; baseline 0.001 -19"><span class='ocrx_word' id='word_1_41' title='bbox 341 1994 503 2076; x_wconf 74' lang='lat' dir='ltr'>apparel.</span> <span class='ocrx_word' id='word_1_42' title='bbox 539 1989 679 2057; x_wconf 83' lang='lat' dir='ltr'>Facilia</span> <span class='ocrx_word' id='word_1_43' title='bbox 701 1991 739 2057; x_wconf 74' lang='lat' dir='ltr'>ei</span> <span class='ocrx_word' id='word_1_44' title='bbox 762 1987 930 2074; x_wconf 84' lang='lat' dir='ltr'>vulgaria</span> <span class='ocrx_word' id='word_1_45' title='bbox 954 1991 1183 2073; x_wconf 80' lang='lat' dir='ltr'>spernuntur,</span> <span class='ocrx_word' id='word_1_46' title='bbox 1207 1989 1316 2076; x_wconf 83' lang='lat' dir='ltr'>longe</span> <span class='ocrx_word' id='word_1_47' title='bbox 1340 1991 1458 2076; x_wconf 75' lang='lat' dir='ltr'>petita</span> 
     </span>
     <span class='ocr_line' id='line_1_10' title="bbox 342 2119 1457 2208; baseline 0 -17"><span class='ocrx_word' id='word_1_48' title='bbox 342 2126 379 2191; x_wconf 81' lang='lat' dir='ltr'>el</span> <span class='ocrx_word' id='word_1_49' title='bbox 411 2119 576 2190; x_wconf 72' lang='lat' dir='ltr'>difficilia</span> <span class='ocrx_word' id='word_1_50' title='bbox 608 2121 646 2189; x_wconf 87' lang='lat' dir='ltr'>in</span> <span class='ocrx_word' id='word_1_51' title='bbox 680 2120 798 2206; x_wconf 80' lang='lat' dir='ltr'>pretio</span> <span class='ocrx_word' id='word_1_52' title='bbox 833 2123 918 2189; x_wconf 80' lang='lat' dir='ltr'>sunt</span> <span class='ocrx_word' id='word_1_53' title='bbox 952 2119 1029 2189; x_wconf 89' lang='lat' dir='ltr'>sivo</span> <span class='ocrx_word' id='word_1_54' title='bbox 1064 2123 1106 2189; x_wconf 77' lang='lat' dir='ltr'>ut</span> <span class='ocrx_word' id='word_1_55' title='bbox 1135 2120 1247 2205; x_wconf 88' lang='lat' dir='ltr'>ipsius</span> <span class='ocrx_word' id='word_1_56' title='bbox 1271 2122 1457 2208; x_wconf 74' lang='lat' dir='ltr'>scriptoris</span> 
     </span>
     <span class='ocr_line' id='line_1_11' title="bbox 342 2255 1457 2371; baseline 0.002 -48"><span class='ocrx_word' id='word_1_57' title='bbox 342 2257 461 2326; x_wconf 89' lang='lat' dir='ltr'>verbis</span> <span class='ocrx_word' id='word_1_58' title='bbox 485 2261 632 2371; x_wconf 74' lang='lat' dir='ltr'>ulamnr</span> <span class='ocrx_word' id='word_1_59' title='bbox 655 2257 849 2345; x_wconf 80' lang='lat' dir='ltr'>„qui0quid</span> <span class='ocrx_word' id='word_1_60' title='bbox 868 2255 1066 2343; x_wconf 70' lang='lat' dir='ltr'>quaeritur,</span> <span class='ocrx_word' id='word_1_61' title='bbox 1087 2256 1266 2341; x_wconf 78' lang='lat' dir='ltr'>optimum</span> <span class='ocrx_word' id='word_1_62' title='bbox 1279 2257 1457 2325; x_wconf 81' lang='lat' dir='ltr'>videtur.&#39;&#39;</span> 
     </span>
     <span class='ocr_line' id='line_1_12' title="bbox 341 2388 1457 2479; baseline -0.002 -20"><span class='ocrx_word' id='word_1_63' title='bbox 341 2390 476 2460; x_wconf 77' lang='lat' dir='ltr'>Versus</span> <span class='ocrx_word' id='word_1_64' title='bbox 500 2394 651 2479; x_wconf 80' lang='lat' dir='ltr'>quartus</span> <span class='ocrx_word' id='word_1_65' title='bbox 671 2391 777 2459; x_wconf 88' lang='lat' dir='ltr'>huius</span> <span class='ocrx_word' id='word_1_66' title='bbox 797 2388 989 2475; x_wconf 68' lang='lat' dir='ltr'>poematii,</span> <span class='ocrx_word' id='word_1_67' title='bbox 1011 2411 1056 2456; x_wconf 87' lang='lat' dir='ltr'>ex</span> <span class='ocrx_word' id='word_1_68' title='bbox 1080 2388 1241 2457; x_wconf 88' lang='lat' dir='ltr'>versibus</span> <span class='ocrx_word' id='word_1_69' title='bbox 1253 2389 1457 2457; x_wconf 86' lang='lat' dir='ltr'>Phalaeoiis</span> 
     </span>
     <span class='ocr_line' id='line_1_13' title="bbox 341 2521 1457 2610; baseline -0.004 -17"><span class='ocrx_word' id='word_1_70' title='bbox 341 2525 418 2593; x_wconf 88' lang='lat' dir='ltr'>sive</span> <span class='ocrx_word' id='word_1_71' title='bbox 441 2524 756 2610; x_wconf 75' lang='lat' dir='ltr'>hendecasyllabis</span> <span class='ocrx_word' id='word_1_72' title='bbox 780 2522 998 2605; x_wconf 68' lang='lat' dir='ltr'>constantis,</span> <span class='ocrx_word' id='word_1_73' title='bbox 1023 2521 1218 2591; x_wconf 69' lang='lat' dir='ltr'>manifesto</span> <span class='ocrx_word' id='word_1_74' title='bbox 1243 2522 1334 2590; x_wconf 68' lang='lat' dir='ltr'>nitio</span> <span class='ocrx_word' id='word_1_75' title='bbox 1359 2521 1457 2590; x_wconf 89' lang='lat' dir='ltr'>labo-</span> 
     </span>
     <span class='ocr_line' id='line_1_14' title="bbox 341 2644 1457 2744; baseline -0.004 -18"><span class='ocrx_word' id='word_1_76' title='bbox 341 2664 417 2744; x_wconf 78' lang='lat' dir='ltr'>ral,</span> <span class='ocrx_word' id='word_1_77' title='bbox 452 2644 608 2727; x_wconf 71' lang='lat' dir='ltr'>metrum</span> <span class='ocrx_word' id='word_1_78' title='bbox 644 2658 740 2726; x_wconf 88' lang='lat' dir='ltr'>enim</span> <span class='ocrx_word' id='word_1_79' title='bbox 775 2655 969 2725; x_wconf 76' lang='lat' dir='ltr'>olandioal.</span> <span class='ocrx_word' id='word_1_80' title='bbox 1004 2655 1252 2724; x_wconf 80' lang='lat' dir='ltr'>Buechelerus</span> <span class='ocrx_word' id='word_1_81' title='bbox 1286 2655 1324 2723; x_wconf 93' lang='lat' dir='ltr'>in</span> <span class='ocrx_word' id='word_1_82' title='bbox 1356 2654 1457 2723; x_wconf 82' lang='lat' dir='ltr'>caleo</span> 
     </span>
     <span class='ocr_line' id='line_1_15' title="bbox 341 2760 1458 2878; baseline -0.004 -18"><span class='ocrx_word' id='word_1_83' title='bbox 341 2792 497 2878; x_wconf 84' lang='lat' dir='ltr'>paginae</span> <span class='ocrx_word' id='word_1_84' title='bbox 532 2793 579 2860; x_wconf 93' lang='lat' dir='ltr'>ad</span> <span class='ocrx_word' id='word_1_85' title='bbox 613 2792 709 2859; x_wconf 92' lang='lat' dir='ltr'>huno</span> <span class='ocrx_word' id='word_1_86' title='bbox 746 2760 895 2859; x_wconf 19' lang='lat' dir='ltr'>versum*</span> <span class='ocrx_word' id='word_1_87' title='bbox 925 2791 1080 2857; x_wconf 70' lang='lat' dir='ltr'>annotat</span> <span class='ocrx_word' id='word_1_88' title='bbox 1115 2791 1253 2876; x_wconf 78' lang='lat' dir='ltr'>„metro</span> <span class='ocrx_word' id='word_1_89' title='bbox 1285 2788 1458 2856; x_wconf 79' lang='lat' dir='ltr'>convenit</span> 
     </span>
     <span class='ocr_line' id='line_1_16' title="bbox 342 2921 1457 3007; baseline -0.004 -15"><span class='ocrx_word' id='word_1_90' title='bbox 342 2925 559 2994; x_wconf 78' lang='lat' dir='ltr'>aemulata.”</span> <span class='ocrx_word' id='word_1_91' title='bbox 596 2923 667 2993; x_wconf 83' lang='lat' dir='ltr'>Sed</span> <span class='ocrx_word' id='word_1_92' title='bbox 701 2922 807 3007; x_wconf 82' lang='lat' dir='ltr'>nihil,</span> <span class='ocrx_word' id='word_1_93' title='bbox 844 2921 983 3006; x_wconf 82' lang='lat' dir='ltr'>opinor,</span> <span class='ocrx_word' id='word_1_94' title='bbox 1021 2925 1123 2990; x_wconf 76' lang='lat' dir='ltr'>vetat</span> <span class='ocrx_word' id='word_1_95' title='bbox 1155 2942 1221 2990; x_wconf 92' lang='lat' dir='ltr'>nos</span> <span class='ocrx_word' id='word_1_96' title='bbox 1254 2943 1336 2989; x_wconf 86' lang='lat' dir='ltr'>oum</span> <span class='ocrx_word' id='word_1_97' title='bbox 1367 2921 1457 2989; x_wconf 89' lang='lat' dir='ltr'>Bur·</span> 
     </span>
     <span class='ocr_line' id='line_1_17' title="bbox 341 3053 1457 3143; baseline -0.004 -16"><span class='ocrx_word' id='word_1_98' title='bbox 341 3081 475 3127; x_wconf 89' lang='lat' dir='ltr'>manno</span> <span class='ocrx_word' id='word_1_99' title='bbox 510 3057 667 3127; x_wconf 84' lang='lat' dir='ltr'>seribere</span> <span class='ocrx_word' id='word_1_100' title='bbox 702 3055 905 3142; x_wconf 76' lang='lat' dir='ltr'>„enovata”</span> <span class='ocrx_word' id='word_1_101' title='bbox 941 3059 1023 3138; x_wconf 71' lang='lat' dir='ltr'>aut,</span> <span class='ocrx_word' id='word_1_102' title='bbox 1060 3055 1155 3139; x_wconf 90' lang='lat' dir='ltr'>quod</span> <span class='ocrx_word' id='word_1_103' title='bbox 1191 3054 1280 3122; x_wconf 90' lang='lat' dir='ltr'>mihi</span> <span class='ocrx_word' id='word_1_104' title='bbox 1311 3053 1457 3143; x_wconf 90' lang='lat' dir='ltr'>quidem</span> 
     </span>
     <span class='ocr_line' id='line_1_18' title="bbox 264 3185 1458 3275; baseline -0.006 -14"><span class='ocrx_word' id='word_1_105' title='bbox 264 3191 267 3197; x_wconf 80' lang='grc'><strong>’</strong></span> <span class='ocrx_word' id='word_1_106' title='bbox 342 3192 458 3260; x_wconf 80' lang='lat' dir='ltr'>multo</span> <span class='ocrx_word' id='word_1_107' title='bbox 505 3192 615 3260; x_wconf 74' lang='lat' dir='ltr'>eliam</span> <span class='ocrx_word' id='word_1_108' title='bbox 648 3189 871 3275; x_wconf 86' lang='lat' dir='ltr'>probabilius</span> <span class='ocrx_word' id='word_1_109' title='bbox 906 3188 1061 3270; x_wconf 73' lang='lat' dir='ltr'>videtur,</span> <span class='ocrx_word' id='word_1_110' title='bbox 1098 3187 1319 3271; x_wconf 73' lang='lat' dir='ltr'>,‚enoiaba&#39;&#39;?</span> <span class='ocrx_word' id='word_1_111' title='bbox 1354 3185 1458 3255; x_wconf 88' lang='lat' dir='ltr'>Haeo</span> 
     </span>
     <span class='ocr_line' id='line_1_19' title="bbox 342 3319 1458 3409; baseline -0.007 -14"><span class='ocrx_word' id='word_1_112' title='bbox 342 3327 414 3395; x_wconf 88' lang='lat' dir='ltr'>duo</span> <span class='ocrx_word' id='word_1_113' title='bbox 461 3325 574 3394; x_wconf 86' lang='lat' dir='ltr'>verba</span> <span class='ocrx_word' id='word_1_114' title='bbox 618 3324 755 3409; x_wconf 75' lang='lat' dir='ltr'>optime</span> <span class='ocrx_word' id='word_1_115' title='bbox 798 3322 993 3391; x_wconf 78' lang='lat' dir='ltr'>oonoinnnt</span> <span class='ocrx_word' id='word_1_116' title='bbox 1028 3343 1111 3389; x_wconf 88' lang='lat' dir='ltr'>eum</span> <span class='ocrx_word' id='word_1_117' title='bbox 1146 3342 1279 3406; x_wconf 80' lang='lat' dir='ltr'>genere</span> <span class='ocrx_word' id='word_1_118' title='bbox 1314 3319 1458 3388; x_wconf 81' lang='lat' dir='ltr'>dicendi</span> 
     </span>
     <span class='ocr_line' id='line_1_20' title="bbox 342 3453 1458 3539; baseline -0.007 -11"><span class='ocrx_word' id='word_1_119' title='bbox 342 3459 563 3528; x_wconf 80' lang='lat' dir='ltr'>Petroniano</span> <span class='ocrx_word' id='word_1_120' title='bbox 606 3460 643 3526; x_wconf 79' lang='lat' dir='ltr'>ot</span> <span class='ocrx_word' id='word_1_121' title='bbox 684 3460 801 3525; x_wconf 77' lang='lat' dir='ltr'>metro</span> <span class='ocrx_word' id='word_1_122' title='bbox 841 3455 1080 3539; x_wconf 71' lang='lat' dir='ltr'>conveniunt,</span> <span class='ocrx_word' id='word_1_123' title='bbox 1117 3458 1155 3522; x_wconf 76' lang='lat' dir='ltr'>ei</span> <span class='ocrx_word' id='word_1_124' title='bbox 1188 3454 1304 3522; x_wconf 81' lang='lat' dir='ltr'>multo</span> <span class='ocrx_word' id='word_1_125' title='bbox 1340 3453 1458 3521; x_wconf 89' lang='lat' dir='ltr'>minus</span> 
     </span>
     <span class='ocr_line' id='line_1_21' title="bbox 342 3586 1459 3676; baseline -0.006 -15"><span class='ocrx_word' id='word_1_126' title='bbox 342 3593 518 3661; x_wconf 74' lang='lat' dir='ltr'>recedunt</span> <span class='ocrx_word' id='word_1_127' title='bbox 541 3614 564 3658; x_wconf 88' lang='lat' dir='ltr'>a</span> <span class='ocrx_word' id='word_1_128' title='bbox 588 3591 699 3659; x_wconf 86' lang='lat' dir='ltr'>verbo</span> <span class='ocrx_word' id='word_1_129' title='bbox 722 3589 859 3658; x_wconf 81' lang='lat' dir='ltr'>tradito</span> <span class='ocrx_word' id='word_1_130' title='bbox 884 3608 992 3676; x_wconf 87' lang='lat' dir='ltr'>quam</span> <span class='ocrx_word' id='word_1_131' title='bbox 1006 3587 1245 3671; x_wconf 86' lang='lat' dir='ltr'>vocabulum,</span> <span class='ocrx_word' id='word_1_132' title='bbox 1259 3586 1459 3654; x_wconf 88' lang='lat' dir='ltr'>aBneohe·</span> 
     </span>
    </p>
   </div>
   <div class='ocr_carea' id='block_1_5' title="bbox 342 3725 679 3811">
    <p class='ocr_par' dir='ltr' id='par_1_6' title="bbox 342 3725 679 3811">
     <span class='ocr_line' id='line_1_22' title="bbox 342 3725 679 3811; baseline -0.018 -16"><span class='ocrx_word' id='word_1_133' title='bbox 342 3727 419 3795; x_wconf 90' lang='lat' dir='ltr'>lero</span> <span class='ocrx_word' id='word_1_134' title='bbox 442 3725 679 3811; x_wconf 77' lang='lat' dir='ltr'>propositum.</span> 
     </span>
    </p>
   </div>
   <div class='ocr_carea' id='block_1_6' title="bbox 0 0 1670 5290">
    <p class='ocr_par' dir='ltr' id='par_1_7' title="bbox 0 0 1670 5290">
     <span class='ocr_line' id='line_1_23' title="bbox 0 0 1670 5290; baseline 0 0"><span class='ocrx_word' id='word_1_135' title='bbox 0 0 1670 5290; x_wconf 95' lang='lat' dir='ltr'> </span> 
     </span>
    </p>
   </div>
  </div>
 </body>
</html>
