3322 5290
703 470 784 552 29,

158 700 362 769 manebant
396 700 609 787 capitibus.”
640 701 695 768 Ea
727 699 839 769 verba
869 699 959 768 nihil
982 698 1082 767 aliud
1106 700 1191 768 sunt
1214 697 1283 766 nisi

159 833 361 919 explicatio
386 833 569 920 copiosior
592 855 736 917 eorum,
760 855 854 919 quae
877 855 987 918 supra
1009 831 1160 901 laudavi
1173 833 1282 917 atque

159 990 207 1036 ex
242 968 294 1036 eis
324 968 407 1037 luce
435 968 568 1037 elarius
592 970 762 1053 apparet,
786 967 1004 1054 Encolpium
1027 967 1282 1036 tantummodo

157 1100 261 1186 loqui
298 1102 345 1169 de
380 1101 431 1170 eis
466 1101 591 1187 rebuS‚
627 1124 721 1188 quae
751 1101 849 1170 intra
880 1101 1088 1170 cubiculum
1112 1099 1285 1168 accidunt

157 1256 280 1320 neque
303 1235 343 1302 in
366 1236 504 1321 templo
529 1235 707 1321 capiendo
732 1236 844 1304 limen
866 1234 1016 1303 triclinii
1040 1233 1174 1320 egredi.
1188 1231 1283 1314 Qua·

158 1370 314 1452 propter
344 1367 433 1435 mihi
464 1367 628 1452 delenda·
654 1391 732 1437 esse
767 1368 913 1437 videtur
937 1366 1145 1436 coniunctio
1171 1364 1284 1453 „que”

158 1499 216 1567 ita
259 1502 302 1567 ut
341 1500 507 1586 legamus
551 1501 667 1588 „idem
704 1505 741 1570 et
774 1503 856 1570 tota
889 1499 988 1568 intra
1021 1499 1110 1568 foris
1143 1497 1285 1567 familia

159 1632 326 1703 fecerat'
352 1632 464 1720 Origo
488 1634 569 1702 vitii
593 1634 669 1704 sine
694 1634 804 1703 dubio
828 1633 982 1702 debetur
1000 1632 1182 1718 frequenti
1202 1631 1283 1700 usui

161 1765 361 1836 verborum
388 1766 506 1854 „intra
528 1766 721 1854 forisque.’'

210 1899 383 1969 Ceterum
413 1900 451 1968 in
481 1900 619 1986 verbis,
643 1924 738 1987 quae
762 1901 809 1970 ad
833 1899 1121 1969 confirmandam
1144 1899 1284 1966 senten·

160 2034 254 2102 tiam
290 2055 410 2102 meam
440 2057 551 2119 supra
580 2035 747 2120 laudavi,
772 2055 837 2119 pro
863 2032 1103 2120 „manebant”
1129 2037 1285 2117 „marce-

161 2167 276 2236 bant”
307 2167 503 2253 legendum
527 2191 605 2237 esse
629 2191 713 2236 cum
728 2163 1001 2251 Tornaesiana,
1026 2164 1114 2233 mihi
1139 2163 1284 2250 quidem

161 2324 378 2387 persuasum
404 2289 470 2372 'est
493 2325 611 2389 neque
634 2303 758 2372 multis
782 2301 902 2372 verbis
926 2323 1017 2386 opus
1042 2300 1165 2369 estad
1189 2300 1284 2366 hanc

162 2458 241 2503 rem
277 2435 543 2504 illustrandam.
579 2435 778 2522 Encolpius
808 2438 935 2504 narrat
965 2437 1084 2509 totam
1106 2433 1284 2501 familiam

163 2568 380 2637 lassitudine
411 2572 449 2638 et
472 2569 606 2656 vigiliis
631 2569 838 2639 confectam
861 2567 1069 2638 dormitare.
1094 2567 1169 2636 Alii
1192 2567 1285 2635 iace·

164 2702 256 2770 bant
297 2701 334 2770 in
368 2702 598 2788 pavimento,
635 2703 697 2771 alii
731 2701 931 2788 parietibus
964 2699 1128 2786 appliciti
1163 2703 1284 2785 erant,

167 2833 316 2919 quidam
340 2834 377 2902 in
400 2834 480 2920 ipso
503 2834 628 2904 limine
651 2834 855 2904 coniunctis
875 2833 1056 2920 capitibus
1074 2854 1148 2901 non
1166 2853 1285 2899 mano·

168 2967 275 3052 bant,
300 2966 363 3036 seb
390 2967 620 3038 dormiebant
642 2967 720 3037 sive
743 2967 966 3036 marcebant.
990 2966 1089 3036 Dum
1111 2963 1284 3052 quidquid

167 3101 357 3170 hominum
380 3101 478 3170 intra
500 3101 658 3186 parietes
683 3103 755 3187 est,
780 3122 907 3169 somno
932 3101 988 3168 est
1011 3097 1191 3184 deditum,
1212 3097 1285 3164 duo

168 3232 251 3318 Syri
286 3232 432 3301 furaces
467 3232 607 3301 intrant
636 3232 852 3317 triclinium,
884 3231 1077 3302 occasione
1100 3228 1226 3308 oblata
1248 3226 1286 3293 in

168 3365 366 3434 maximam
399 3387 500 3450 spem
531 3365 679 3434 adducti
707 3388 745 3434 se
769 3365 905 3451 aliquid
928 3352 1146 3448 intercipere
1169 3381 1285 3446 posse.

168 3496 240 3567 Sed
282 3497 369 3585 quia
402 3520 480 3566 rem
514 3498 611 3567 male
645 3500 794 3584 gerunt,
829 3497 894 3565 illa
927 3519 990 3582 spe
1025 3494 1158 3565 deiecti
1192 3496 1285 3563 sunt.

168 3630 302 3700 Omnes
330 3631 552 3700 dormientes
576 3631 888 3717 expergiscuntur,
911 3629 1010 3698 fures
1032 3626 1287 3714 intellegentes

169 3785 207 3832 se
250 3763 494 3849 deprehensos
529 3785 624 3848 esso,
660 3763 745 3831 dolo
764 3825 765 3830 ,
782 3765 936 3832 utuntur
971 3764 1009 3831 et
1042 3760 1216 3830 simulant
1249 3781 1287 3827 se

170 3895 329 3965 dormire
363 3897 427 3965 sed
461 3896 548 3981 quid
582 3896 653 3965 illis
683 3896 824 3965 factum
856 3896 903 3965 sit
927 3898 992 3964 aut
1014 3916 1086 3980 quo
1110 3893 1288 3979 supplicio

170 4027 298 4097 affecti
317 4028 406 4114 sint,
427 4029 625 4098 memoriae
639 4050 713 4097 non
727 4031 782 4098 est
792 4029 989 4114 proditum.
1002 4028 1289 4114 Redintegratur

173 4163 384 4232 convivium
414 4167 452 4234 et
477 4165 588 4234 variis
612 4164 890 4234 oblectamentis
914 4166 1153 4234 convivarum
1177 4164 1289 4233 animi
