3322 5290
726 425 746 490 9

173 655 242 725 nisi
267 658 309 723 ut
332 677 416 723 oum
438 654 583 724 Wehlio
608 654 722 723 verba
744 654 810 722 illa
835 675 920 740 „seu
939 653 1281 723 601666”11616616116

173 787 285 870 Quasi
327 788 469 874 tragice
504 790 655 856 ornatus
690 790 746 856 ost
784 787 865 856 finis
900 787 1008 856 116166
1040 787 1291 875 digressiouiS,
1339 810 1343 813 ·

173 922 236 991 ubi
260 922 436 1009 Ascyltos
461 921 682 992 clamoribus
705 921 850 992 Gitonis
872 921 929 990 1116
954 921 1074 991 verbis
1097 922 1292 1008 respondet

175 1056 226 1143 „si
267 1055 441 1124 Lucretia
482 1077 537 1141 es,
581 1055 820 1141 Tarquinium
855 1054 1059 1125 invenisti.''
1094 1055 1292 1140 Encolpius

173 1189 407 1276 querimoniis
430 1189 554 1258 fratris
578 1188 632 1258 661
656 1191 861 1274 permotus,
881 1188 1071 1290 iracundia
1083 1187 1293 1257 effervescit

173 1326 211 1392 61
235 1322 334 1391 virus
357 1322 569 1392 acerbitatis
592 1345 679 1392 suae
703 1322 741 1390 in
765 1322 959 1408 Ascyltum
984 1322 1151 1391 effundit.
1164 1321 1291 1408 Neque

171 1456 234 1525 1116
268 1460 369 1526 16661
400 1461 438 1525 61
468 1456 564 1526 16161
586 1479 625 1525 66
648 1456 854 1526 maledictis
876 1457 1043 1524 lacerant
1077 1454 1291 1525 Cavendum

173 1594 297 1660 autem
333 1594 389 1660 est
422 1614 468 1660 ne
500 1590 717 1675 maledicta,
742 1589 871 1676 quibus
896 1592 1059 1673 utuntur,
1084 1610 1289 1675 urgeamus.

170 1725 308 1795 Nostro
355 1746 498 1810 quoque
544 1726 710 1809 tempore
752 1723 917 1792 videmus
959 1722 1124 1791 homines
1158 1720 1290 1807 116166,

172 1858 387 1944 praesertim
420 1858 673 1927 adulescentes
696 1856 830 1943 linguis
853 1856 1014 1925 habenas
1038 1855 1291 1941 permittentes

173 2014 290 2078 neque
310 1994 498 2076 curantes,
519 1990 605 2076 quid
624 1990 763 2075 dicant,
785 1990 982 2060 dummodo
1003 1989 1140 2077 aliquid
1156 1989 1291 2075 dicant,

173 2146 244 2210 quo
269 2106 562 2193 adversariorum
586 2123 726 2193 animos
750 2123 943 2193 offendant
965 2145 1082 2209 neque
1102 2126 1172 2210 661,
1194 2124 1291 2210 quod

172 2258 408 2345 suspicemur,
467 2258 578 2326 aliam
622 2259 786 2328 Petronii
831 2259 1056 2344 temporibus
1102 2258 1290 2327 hominum

173 2392 285 2461 161666
308 2396 480 2461 naturam
504 2395 614 2478 atque
638 2415 735 2461 nuno
760 2395 824 2463 est.
850 2392 1092 2479 Quapropter,
1111 2393 1141 2462 si
1161 2392 1289 2462 Encol-

172 2524 252 2609 pius
277 2527 315 2592 et
337 2524 530 2611 Ascyltus,
554 2528 596 2593 ut
619 2529 704 2594 sunt
726 2525 782 2593 ira
806 2529 843 2596 61
865 2526 1005 2594 invidia
1028 2527 1182 2611 incensi,
1207 2548 1289 2595 oon·

171 2659 345 2728 tumeliae
381 2681 494 2728 causa
528 2659 624 2728 iuter
654 2682 692 2728 se
722 2660 857 2745 probra
881 2660 1068 2747 ingerunt,
1092 2661 1290 2746 prudenter

172 2795 210 2860 61
245 2796 353 2862 66616
387 2815 513 2862 661661
548 2794 662 2863 verba
697 2798 782 2863 sunt
815 2795 1038 2880 accipienda.
1074 2795 1216 2866 Velutsi
1252 2797 1289 2865 in

170 2926 236 2994 illa
276 2927 472 2996 verborum
515 2928 781 3014 disceptatione
822 2969 865 2976 —
899 2952 985 2997 nam
1019 2930 1145 3016 lingua
1180 2907 1288 3016 quam

171 3082 281 3128 manu
305 3061 544 3146 spectatiores
565 3083 643 3130 6666
664 3061 835 3131 videntur
854 3104 898 3111 —
918 3063 1092 3148 Ascyltos
1105 3064 1289 3132 exclamat

173 3191 378 3277 „gladiator
398 3192 575 3262 obscene*
595 3217 669 3264 non
689 3194 777 3264 licet
794 3196 879 3264 inde
900 3195 1058 3280 61116616,
1071 3194 1288 3281 Encolpium

169 3346 298 3410 reapse
321 3326 581 3412 gladiatoriam
606 3331 722 3397 artem
748 3328 962 3398 exercuisse.

216 3457 321 3539 Quod
368 3462 405 3527 61
450 3462 605 3529 6616166
647 3484 769 3530 161616
814 3465 997 3547 repugnat
1030 3465 1068 3530 et
1102 3453 1288 3547 aptissime

171 3589 354 3661 refutatur
373 3583 474 3678 loco,
497 3594 556 3678 qui
577 3595 713 3681 legitur
730 3595 768 3663 16
788 3594 909 3680 capite
922 3595 1119 3664 centesimo
1132 3597 1287 3681 septimo

172 3724 324 3794 decimo.
367 3725 509 3812 Verba,
545 3750 638 3812 quae
674 3729 778 3812 volo,
813 3732 899 3797 sunt
932 3729 1042 3797 haec:
1080 3732 1287 3816 „tamquam

170 3857 324 3944 legitimi
355 3859 579 3946 gladiatores
602 3862 750 3931 domino
775 3883 931 3947 corpora
954 3863 1166 3948 animosque
1191 3864 1289 3932 addi-

172 3990 319 4060 611666.”
361 3992 445 4060 Η66
489 3995 649 4078 66661111,
685 3996 794 4080 quod¹
818 3995 1037 4064 vocabulum
1075 3997 1290 4084 gladiatoris

171 4127 249 4192 tam
283 4126 445 4212 vulgaris
481 4130 518 4195 et
549 4128 637 4196 trita
669 4129 892 4198 contumelia
924 4133 996 4214 661,
1030 4133 1070 4198 61
1092 4131 1220 4200 166116
1244 4133 1292 4201 611
