3322 5290
734 461 776 529 33

191 691 260 759 viri
297 713 446 776 operam
480 714 583 760 suam
620 692 870 777 contulerunt,
906 692 953 760 ad
986 694 1130 776 tempus
1161 691 1308 761 missam

189 825 379 894 faciemus.

236 960 348 1028 Initio
391 958 522 1045 capitis
556 958 869 1045 undeoctogesimi
905 981 927 1026 a
963 980 1054 1026 cena
1087 958 1235 1026 domum
1270 978 1308 1026 se

190 1093 383 1204 recipiunt.
420 1091 520 1161 Cena
554 1091 619 1160 illa
653 1092 798 1178 quidem
829 1092 991 1161 nondum
1026 1091 1205 1159 adfinem
1230 1093 1308 1159 erat

191 1227 371 1312 perducta
417 1225 480 1294 sed
522 1225 791 1310 quodammodo
833 1225 1000 1310 turbata,
1044 1247 1126 1293 cum
1161 1224 1308 1311 vigilem

187 1363 343 1445 propter
376 1359 575 1427 tumultum
609 1380 654 1426 ae
684 1357 876 1443 strepitum
908 1357 1133 1428 cornicinum
1154 1358 1192 1426 in
1211 1379 1310 1427 exse·

192 1493 286 1579 quiis
328 1492 507 1561 simulatis
549 1490 831 1561 Trimalchionis
867 1492 938 1560 rati
973 1491 1010 1559 in
1046 1491 1197 1560 aedibus
1233 1490 1309 1560 eius

191 1625 402 1694 incendium
436 1627 558 1694 ortum
590 1647 685 1710 esse,
716 1625 863 1694 ianuam
890 1624 1121 1712 effregissent
1144 1627 1182 1694 et
1207 1647 1310 1712 „curn

193 1780 291 1844 aqua
325 1759 584 1845 securibusque
618 1758 836 1828 tumultuari
867 1780 933 1827 suo
964 1759 1042 1828 iure
1073 1757 1310 1844 coepissent.”

193 1891 249 1958 lla
273 1892 550 1977 opportunitate
570 1891 624 1961 usi
649 1892 829 1961 convivae
848 1892 962 1961 nostri
983 1892 1117 1978 raptim
1128 1892 1310 1979 fugerant,

192 2030 235 2095 ut
259 2027 409 2095 domum
432 2049 470 2096 se
496 2027 713 2096 conferrent.
736 2025 840 2108 Quod
859 2029 983 2096 tamen
1003 2027 1156 2113 apparet
1167 2026 1311 2095 facilius

193 2160 306 2229 fuisse
341 2160 443 2229 dictu
478 2183 587 2246 quam
621 2160 734 2229 factu.
772 2161 867 2229 Nam
903 2183 1040 2248 „neque
1074 2161 1139 2229 fax
1168 2160 1244 2228 ulla
1275 2159 1311 2228 in

193 2293 377 2379 praesidio
421 2297 517 2378 erat,
562 2316 655 2379 quae
689 2294 760 2362 iter
794 2294 954 2379 aperiret
988 2294 1209 2380 errantibus,
1245 2315 1312 2362 nce

194 2426 379 2495 silentium
403 2427 521 2495 noetis
540 2426 615 2494 iarn
635 2427 777 2496 mediae
790 2427 1030 2526 promittebat
1042 2427 1311 2496 occurrentium

193 2560 328 2629 lumen.
354 2561 554 2630 accedebat
573 2561 646 2629 huc
666 2560 823 2630 ebrietas
843 2564 881 2630 et
891 2561 1137 2647 imprudentia
1148 2562 1313 2629 locorum

195 2696 308 2765 etiam
331 2694 488 2764 interdiu
516 2694 699 2763 obfutura.
723 2695 848 2780 itaque
872 2718 955 2763 eum
978 2695 1071 2763 hora
1093 2716 1210 2779 paene
1232 2697 1313 2763 tota

194 2852 260 2916 per
295 2850 421 2898 omnes
456 2851 605 2914 scrupos
640 2832 919 2916 gastrammque
949 2829 1185 2898 eminentium
1215 2828 1313 2914 frag-

197 2967 322 3033 menta
355 2963 591 3032 traxissemus
627 2967 797 3032 cruentos
831 2963 940 3049 pedes
971 2963 1120 3032 tandem
1151 2961 1312 3046 expliciti

197 3097 365 3166 acumine
390 3096 534 3166 Gitonis
558 3096 714 3166 sumus.'’
738 3096 874 3166 Totum
897 3097 994 3165 hunc
1005 3096 1128 3165 locum
1141 3099 1314 3164 accurate

197 3232 442 3318 perlegentes,
468 3230 710 3298 admiratione
734 3229 932 3316 afficimur,
950 3233 1094 3299 nostros
1115 3231 1189 3298 tres
1201 3229 1314 3298 horni-

197 3385 277 3448 nes,
302 3363 339 3431 in
363 3362 493 3448 quibus
518 3363 654 3433 Gitona
675 3364 812 3448 ipsum,
836 3363 993 3432 alterum
1015 3361 1235 3430 Pollicillum
1255 3360 1315 3428 vel

198 3497 320 3582 potius
345 3501 497 3566 atavum
519 3497 710 3583 Pollicilli,
734 3498 863 3566 horam
886 3519 1003 3582 paene
1026 3498 1145 3565 totam
1160 3518 1226 3581 per
1242 3517 1315 3564 om·

198 3652 262 3699 nes
304 3630 403 3699 urbis
447 3631 660 3717 angiportus
695 3653 740 3698 ac
773 3630 915 3715 plateas
950 3651 1071 3698 errare
1105 3629 1315 3715 priusquam

198 3764 496 3849 reminiscantur,
521 3765 550 3832 si
574 3764 667 3832 salvi
691 3763 840 3831 domum
863 3762 1054 3848 pervenire
1077 3760 1202 3846 velint,
1225 3760 1315 3828 nihil

200 3897 299 3966 aliud
321 3897 388 3966 sibi
410 3919 500 3982 opus
522 3918 600 3966 esse
612 3897 735 3965 faeere
747 3895 816 3964 nisi
829 3894 996 3964 acumine
1009 3892 1153 3964 Gitonis
1165 3893 1229 3962 uti.
1244 3891 1314 3962 Sed

201 4033 297 4099 hanc
327 4029 539 4099 memoriam
571 4029 750 4098 infirmam
783 4028 953 4097 ebrietati
990 4027 1232 4097 concedamus
1256 4025 1316 4094 vel

201 4165 322 4233 studio
353 4163 570 4231 fabulatoris
601 4163 715 4242 nostri
747 4163 928 4231 omnia'in
956 4162 1073 4231 maius
1098 4160 1315 4231 celebrandi.

1194 4292 1209 4338 s
