3322 5290
1 4143 35 4216 '2

723 411 785 502 27st

231 658 316 726 Duo
360 659 500 744 capita,
532 681 626 744 quae
659 658 735 726 iam
769 660 986 743 sequuntur,
1019 656 1235 726 vicesimum
1270 660 1307 725 ct

185 815 301 860 unum
325 795 362 860 et
386 791 597 861 vicesimum
623 792 726 877 volo,
751 795 836 860 sunt
858 791 922 860 illa
944 791 1120 860 lacunosa
1144 791 1306 876 quidem,
1336 834 1342 843 ·

185 926 251 995 sed
276 928 397 995 tamen
425 925 619 1012 reliquiae,
644 948 737 1011 quae
762 925 808 993 ad
831 947 898 994 nos
921 928 1183 1010 pervenerunt,
1207 923 1307 992 vitiis

182 1059 390 1129 manifestis
411 1062 547 1128 carent.
569 1059 669 1128 Nihil
690 1059 790 1128 aliud
813 1058 864 1128 eis
878 1057 1086 1128 continetur
1097 1057 1166 1127 nisi
1179 1057 1306 1127 ordine

185 1195 338 1261 narrata
362 1192 558 1277 descriptio
582 1193 873 1261 Bacchanalium
893 1191 939 1260 ad
965 1191 1185 1276 placandum
1208 1190 1306 1259 Pria-

185 1349 273 1412 pum
310 1325 588 1396 celebratorum.
622 1325 693 1396 Sed
717 1329 912 1395 attenuant
934 1326 1107 1393 iuvenum
1131 1323 1306 1410 vigilatae

187 1479 345 1545 corpora
378 1463 505 1529 noctes
537 1466 574 1529 et
601 1482 646 1528 ne
682 1459 791 1528 amici
814 1460 959 1546 quidem
983 1458 1115 1542 nostri,
1140 1457 1306 1544 quamvis

187 1594 381 1662 exercitati
412 1594 450 1661 in
483 1594 618 1663 talibus
649 1594 774 1680 rebus,
809 1594 956 1678 impune
991 1591 1240 1678 pervigilium,
1265 1594 1307 1659 ut

187 1727 241 1795 ait
265 1726 462 1813 Quartilla,
488 1727 609 1812 Priapi
638 1726 746 1814 genio
770 1725 944 1811 debitum,
967 1725 1019 1793 illi
1044 1725 1124 1795 Deo
1140 1725 1305 1808 solvunt.

188 1859 313 1930 Verba
346 1859 459 1946 enim,
495 1882 518 1927 a
552 1860 681 1945 quibus
717 1863 828 1945 caput
858 1859 1012 1928 alterum
1038 1861 1076 1928 et
1099 1859 1306 1928 visesimum

186 1993 333 2062 initium
363 1993 471 2079 facit,
503 2015 570 2063 nos
595 1993 786 2063 decentet
809 1993 1005 2078 Ascyltum
1028 1996 1065 2062 θῖ
1088 1993 1306 2078 Encolpium

186 2126 322 2213 vigiliis
358 2149 435 2196 esse
471 2127 668 2196 confectos.
701 2127 825 2197 Verba
854 2126 967 2212 ipsius
1001 2127 1188 2212 scriptoris
1223 2131 1307 2195 sunt

189 2284 293 2348 „cnm
328 2261 502 2347 Ascyltus
537 2264 714 2348 gravatus
744 2264 802 2330 tot
833 2261 937 2330 malis
960 2261 995 2330 in
1021 2283 1186 2330 somnum
1207 2260 1306 2329 labe·

186 2398 305 2479 retur,
340 2394 404 2462 illa
439 2417 532 2481 quae
554 2389 689 2463 iniuria
713 2395 864 2480 depulsa
886 2394 1008 2464 fuerat
1031 2393 1166 2463 ancilla
1188 2397 1307 2463 totam

186 2528 321 2596 faciem
346 2527 422 2597 eius
445 2528 600 2615 fuligine
620 2529 733 2615 longa
755 2528 946 2614 perfricuit
969 2532 1006 2597 et
1025 2552 1099 2599 non
1118 2527 1307 2598 sentientis

186 2661 292 2729 labra
335 2684 550 2749 umerosque
585 2662 826 2748 sopitionibus
869 2661 1021 2748 pinxit.''
1063 2663 1198 2731 Inutile
1234 2665 1305 2749 est,

187 2796 316 2880 crede,
352 2818 418 2865 nos
452 2818 584 2883 rogare
620 2797 705 2882 quid
737 2795 805 2865 sibi
836 2796 952 2864 velint
973 2796 1085 2865 verba
1103 2795 1167 2863 illa
1193 2819 1307 2883 „quae

185 2928 320 2997 iniuria
350 2929 503 3014 depulsa
536 2929 658 2998 fuerat
681 2929 847 3015 ancilla'’,
871 2952 958 2997 nam
982 2929 1058 2999 sine
1082 2931 1193 2999 dubio
1217 2930 1307 2999 refe·

186 3062 301 3130 renda
324 3065 410 3130 sunt
432 3062 478 3131 ad
502 3084 559 3131 res
579 3067 701 3149 gestas
718 3085 872 3149 quarum
895 3063 1072 3133 memoria
1094 3063 1199 3132 nobis
1218 3063 1306 3132 inte-

185 3195 249 3264 riit
283 3199 322 3264 et
353 3196 437 3265 ideo
472 3196 622 3265 difficile
654 3200 710 3266 θεῖ
740 3197 958 3281 diiudicare,
982 3200 1105 3265 utrum
1129 3220 1219 3266 sana
1235 3197 1309 3267 sint

186 3350 311 3397 necne.
345 3327 416 3398 Sed
453 3329 547 3398 aliae
582 3329 789 3414 questiones
817 3329 889 3399 illis
919 3328 1070 3400 vocibus
1101 3333 1305 3399 moventur.

186 3461 280 3544 Quid
305 3465 361 3530 est
379 3463 495 3550 fuligo
517 3463 654 3550 longa?
679 3464 761 3532 Non
781 3463 869 3532 satis
892 3464 1076 3551 intellege.
1101 3464 1306 3534 Numidam

187 3596 289 3664 valet
323 3600 434 3682 atque
470 3598 623 3684 „longae
645 3598 752 3667 lineae
775 3598 999 3686 fuligineae?
1023 3599 1179 3686 Verum,
1200 3601 1229 3670 si
1253 3602 1307 3670 ita

187 3732 259 3814 est,
303 3752 484 3815 quaenam
528 3734 583 3799 est
617 3753 745 3817 causa,
789 3755 854 3800 our
896 3733 1088 3802 Petronius
1130 3733 1306 3821 singulari

186 3885 338 3931 numero
360 3885 448 3932 usus
465 3863 537 3932 sit?
557 3863 698 3933 Deinde
718 3865 827 3934 valde
847 3865 1163 3949 dubit0,liceatne
1175 3889 1305 3936 vocem

190 3995 348 4083 „fuligo”
378 3997 416 4065 in
445 4020 526 4066 eum
552 3997 696 4066 sensum
720 3999 903 4086 accipere,
930 4001 970 4066 ut
993 3999 1088 4070 idem
1113 4001 1238 4068 valeat
1262 4024 1306 4070 ao

191 4128 308 4211 „linea
342 4128 550 4218 fuliginea''.
587 4130 775 4216 Nusquam
802 4131 906 4218 alibi,
931 4137 1107 4218 quantum
1131 4135 1306 4221 cognovi,
