3322 5290
741 465 783 532 35

205 691 325 776 gitata
358 715 404 760 ne
434 692 556 778 ignem
586 693 731 779 quidem
756 677 945 763 admotum
969 692 1139 763 sensisset
1162 695 1207 762 et
1221 693 1323 762 forsi·
1430 699 1432 703 ’

204 827 270 892 tan
303 827 619 909 pernoctassemus
653 826 689 894 in
713 825 854 911 limine,
878 827 915 895 ni
935 826 1148 896 tabellarius
1170 827 1323 895 Trimal-

205 957 346 1026 chionis
375 958 631 1028 intervenisset
659 959 696 1027 X
719 960 896 1030 vehiculis
917 960 1028 1029 dives.
1052 981 1126 1029 non
1149 961 1211 1029 diu
1236 982 1322 1046 ergo

204 1089 451 1160 tumultuatus
474 1092 608 1161 stabuli
631 1092 780 1162 ianuam
800 1093 948 1180 effregit
967 1095 1004 1162 et
1015 1115 1081 1162 nos
1094 1116 1159 1179 per
1170 1093 1323 1162 eandem

204 1220 302 1292 intro
322 1223 501 1294 admisit'i
523 1224 690 1307 Quantae
709 1226 885 1312 ineptiae!
906 1227 1030 1296 Media
1052 1229 1161 1296 nocte
1181 1227 1324 1296 ex'sistit

204 1357 394 1440 tamquam
429 1356 559 1443 aliquis
594 1359 705 1444 „deus
728 1381 774 1427 ex
798 1359 989 1428 machina''
1012 1359 1226 1429 tabellarius
1250 1359 1324 1445 qui-

205 1489 291 1556 dam
314 1488 594 1561 Trimalchionis
617 1515 734 1577 neque
753 1493 783 1561 is
795 1516 888 1562 unus
900 1493 1109 1578 multorum,
1122 1493 1185 1562 sed
1198 1494 1323 1562 decem

206 1623 384 1693 vehiculis
418 1624 529 1694 dives.
564 1625 630 1694 Est
659 1626 826 1711 profecto
861 1647 997 1696 novum
1032 1649 1145 1713 genus
1176 1649 1324 1696 censum

207 1757 408 1843 cuiuspiam
432 1759 628 1828 deferendi.
654 1757 725 1828 Sed
744 1759 880 1828 relictis
898 1760 988 1829 iocis
1000 1761 1095 1829 seria
1106 1761 1323 1830 tractemus!

206 1889 248 1960 ln
293 1913 406 1975 „cena
447 1891 748 1961 Trimalchionis'’
789 1892 896 1961 multi
937 1892 1084 1977 quidem
1118 1891 1246 1960 famuli
1280 1915 1324 1961 ac

207 2023 361 2092 ministri
396 2065 440 2072 —
470 2047 588 2110 neque
624 2030 679 2094 est
713 2025 810 2110 quod
845 2025 1019 2094 miremur
1040 2067 1084 2072 —
1109 2046 1324 2094 commemo-

207 2165 351 2242 rantur,
388 2166 442 2227 set
466 2181 645 2244 nusquam
679 2158 891 2227 tabellarius
922 2159 1116 2227 invenitur.
1141 2157 1246 2240 Quod
1270 2181 1324 2228 su-

208 2291 405 2376 spicionem
426 2296 570 2376 movet,
594 2314 814 2377 quamquam
838 2291 948 2361 facile
967 2293 1129 2361 concedo
1150 2293 1186 2361 id
1207 2293 1325 2378 ipsum

208 2429 463 2512 argumentum
480 2447 553 2493 non
567 2447 644 2494 esse
656 2426 802 2494 iustum.
817 2424 888 2494 Sed
904 2426 990 2511 quid
1003 2403 1071 2494 sibi
1083 2425 1164 2494 vult
1176 2424 1325 2495 tabella-

207 2559 282 2627 rius
302 2559 388 2643 iste,
408 2559 628 2645 intempesta
647 2564 756 2628 nocte
768 2583 833 2645 per
845 2559 972 2628 urbem
984 2559 1199 2628 ambulans?
1212 2558 1324 2627 Estne

208 2691 244 2759 id
272 2692 430 2760 maxime
453 2693 624 2762 idoneum
648 2697 809 2779 tempus,
833 2714 905 2779 quo
929 2693 1071 2762 litteras
1094 2693 1280 2779 perferat?

254 2827 312 2894 An
347 2826 512 2895 ambulat
544 2827 656 2895 animi
686 2827 941 2896 tantummodo
967 2828 1103 2897 causa?
1128 2827 1186 2895 An
1211 2835 1325 2914 φιλαν-

207 2969 359 3050 θρωπίαν
395 2961 566 3030 exercet?
598 2961 657 3029 An
689 2984 711 3030 a
742 2961 1012 3031 Trimalchione
1034 2962 1163 3031 missus
1188 2965 1260 3048 est,
1284 2966 1326 3030 ut

209 3099 382 3180 sequatur
416 3095 598 3180 fugientes
633 3100 670 3164 et
699 3095 841 3164 litteras
870 3095 924 3192 eis
947 3097 1086 3179 tradat,
1111 3095 1239 3180 quibus
1263 3117 1325 3164 eos

209 3228 256 3296 ad
280 3249 408 3296 cenam
431 3228 605 3297 revocet?
630 3227 730 3296 Nihil
753 3228 947 3313 quicquam
965 3227 1041 3296 eius
1061 3228 1160 3296 modi
1173 3249 1193 3296 e
1207 3227 1326 3296 verbis

209 3371 395 3456 scriptoris
438 3375 600 3456 apparet.
642 3370 777 3455 Immo,
811 3369 902 3438 nihil
936 3369 1013 3455 agit
1048 3368 1147 3436 aliud
1182 3368 1251 3436 nisi
1284 3370 1326 3434 ut

209 3487 493 3574 tumultuatores
528 3528 637 3590 quam
674 3504 861 3573 celerrime
893 3502 1126 3571 intromittat.
1161 3500 1210 3569 Et
1240 3501 1326 3586 quid

210 3638 343 3706 attinet
383 3638 426 3707 ’in
472 3639 543 3706 hoc
589 3640 764 3706 contextu
810 3636 986 3705 orationis
1022 3656 1325 3720 commemorare,

209 3772 442 3841 tabellarium
486 3772 597 3840 istum
641 3794 718 3841 esse
760 3771 945 3839 hominem
987 3771 1113 3839 decem
1149 3769 1326 3838 vehiculis
1364 3855 1368 3862 .

211 3906 387 3975 divitem?
412 3905 509 3974 Num
528 3908 681 3992 possunt
699 3905 764 3973 illa
775 3906 901 3973 decem
915 3903 1086 3973 vehicula
1100 3902 1326 3990 „exsulibus”

203 4040 342 4112 ,nostris
373 4040 567 4124 quicquam
597 4039 768 4123 prodesse
792 4038 838 4106 ad
862 4039 1010 4106 ianuam
1034 4035 1325 4123 astringendam?

212 4171 249 4240 Si
273 4173 399 4240 salutis
425 4175 554 4240 auctor
576 4170 638 4239 ille
662 4174 757 4239 esset
780 4170 869 4258 vigil
893 4170 1037 4256 aliquis,
1061 4191 1254 4248 accurrens
1278 4170 1324 4237 ad
1397 4211 1398 4216 κ
