3322 5290
895 464 939 530 38

355 696 445 781 sint,
489 695 728 782 obsequemur
770 693 983 780 proverbio,
1019 693 1116 779 quod
1151 693 1323 794 imperat,
1359 697 1401 761 ut
1435 693 1471 762 in

356 829 474 898 dubiis
520 827 782 912 abstineamuS,
829 827 892 896 sed
923 830 1047 895 tamen
1078 848 1199 895 meum
1231 847 1308 895 esse
1342 825 1472 910 putavi

355 960 565 1046 scrupulum
588 981 709 1029 meum
733 960 769 1029 in
794 959 952 1028 medium
976 959 1149 1045 proferre.

401 1093 494 1176 Quid
529 1097 601 1178 est,
638 1094 734 1179 quod
770 1093 878 1177 facit,
913 1096 955 1161 ut
989 1092 1186 1179 Encolpius
1222 1046 1403 1161 exclamet
1434 1115 1472 1160 se

356 1227 432 1296 sine
479 1249 590 1296 causa
632 1227 700 1296 sibi
735 1226 938 1313 gratulari?
974 1225 1165 1312 AscyltuS,
1199 1225 1288 1294 iuris
1322 1223 1472 1293 humani

355 1360 555 1444 immemor,
599 1360 718 1428 amico
760 1359 880 1445 sopito
918 1382 1071 1445 puerum
1105 1359 1330 1428 subduxerat
1364 1362 1401 1427 et
1435 1357 1473 1425 in

356 1517 461 1563 suum
495 1493 631 1562 lectum
659 1493 910 1563 transtulerat.
936 1492 1021 1574 Ille,
1046 1493 1196 1562 tandem
1220 1495 1472 1578 experrectuS,

356 1627 466 1698 sentit
504 1627 643 1695 furtum
678 1631 715 1696 et
748 1627 995 1696 inflammatus
1029 1627 1085 1694 ira
1118 1649 1240 1695 secum
1276 1626 1472 1711 deliberat,

356 1761 539 1847 quomodo
573 1760 741 1829 iniuriam
777 1760 846 1829 sibi
878 1759 1020 1828 illatam
1056 1759 1254 1828 ulciscatur
1288 1763 1325 1828 et
1355 1759 1473 1845 primo

357 1895 433 1964 eius
475 1895 637 1964 animum
678 1893 776 1963 subit
809 1894 967 1979 impetus
995 1897 1198 1979 utrumque
1233 1893 1474 1962 dormientem

358 2028 565 2114 occidendi,
600 2028 663 2097 sed
686 2028 816 2097 deinde
840 2027 946 2096 —in
968 2027 1089 2096 medio
1114 2027 1316 2096 tutissimus
1338 2027 1407 2096 ibis
1431 2068 1474 2075 -—

358 2164 403 2232 ad
440 2162 588 2232 mitiora
622 2161 797 2249 confugit.
832 2161 968 2231 Gitona
992 2161 1202 2230 verberibus
1227 2160 1382 2246 excitat,
1406 2162 1474 2232 As-

358 2298 497 2384 oyltum
521 2300 645 2366 autem
668 2299 777 2365 torvo
798 2296 904 2364 vultu
924 2296 962 2364 in
980 2296 1078 2364 hunc
1095 2297 1245 2368 modum
1258 2296 1473 2382 alloquitur:

359 2432 551 2519 „quoniam
574 2432 684 2500 fidem
707 2431 844 2501 scelere
868 2429 1014 2499 violasti
1039 2435 1076 2498 et
1099 2452 1329 2500 communem
1353 2431 1475 2500 omici-

356 2565 465 2651 tiam,
499 2587 556 2635 res
590 2568 674 2634 tuas
713 2565 815 2633 ocius
846 2564 940 2634 ‘tolle
975 2567 1012 2633 et
1068 2563 1158 2632 lium
1191 2565 1332 2649 locum,
1367 2587 1475 2650 quem

357 2698 516 2784 polluas,
549 2700 716 2784 quaere.”
747 2698 849 2781 Quae
873 2698 986 2769 verba
1009 2698 1097 2767 satis
1120 2698 1275 2767 ridicula
1298 2701 1336 2768 et
1359 2699 1475 2786 magis

357 2831 469 2917 digna
492 2851 586 2920 quae
609 2831 779 2900 dicantur
802 2855 825 2899 a
849 2853 999 2900 censore
1012 2831 1134 2917 aliquo
1147 2853 1257 2917 quam
1270 2830 1317 2899 ab
1328 2830 1474 2900 homine

357 2967 484 3033 nostro
526 2965 700 3051 leguntur
741 2965 807 3034 sub
841 2967 951 3034 finem
987 2964 1117 3050 capitis
1152 2964 1474 3052 undeoctogesimi.

358 3098 533 3184 Ascyltus
562 3098 800 3178 „conscientia
844 3098 961 3167 victus
1000 3098 1092 3166 nibil
1129 3098 1276 3167 omnino
1311 3101 1474 3183 recusat,

359 3233 550 3320 quominus
574 3232 692 3301 amico
716 3232 947 3320 obsequatur.
975 3230 1066 3320 „Sed
1090 3232 1308 3318 postquam’'
1327 3273 1371 3280 —
1391 3237 1476 3301 sunt

286 3429 290 3436 .
359 3367 472 3436 verba
519 3366 683 3435 Petronii
726 3407 770 3416 ——
816 3366 976 3453 „optime
1018 3366 1089 3435 fide
1123 3366 1250 3452 partiti
1284 3365 1475 3435 manubias

358 3500 521 3585 sumus,’'
558 3501 670 3587 „age”
704 3500 821 3587 inquit
844 3522 962 3586 „nuno
993 3504 1031 3568 et
1059 3522 1212 3585 puerum
1236 3500 1473 3569 dividamus''.

358 3633 470 3702 iocari
496 3634 671 3719 putabam
694 3634 974 3704 discedentem.''
997 3633 1227 3703 Postremum
1248 3634 1378 3702 horum
1398 3655 1476 3701 ver-

359 3767 488 3836 borum
522 3767 757 3837 laudatorum
790 3767 879 3835 mihi
912 3767 1016 3835 inicit
1046 3766 1277 3852 scrupulum,
1308 3788 1394 3833 nam
1418 3788 1476 3834 ex·

359 3900 569 3985 spectabam
605 3900 900 3985 „discessurum‘'.
924 3899 1193 3969 Buechelerum
1217 3920 1362 3985 quoque
1384 3899 1477 3967 haec

360 4055 434 4102 vox
469 4033 642 4119 offendit,
674 4037 828 4103 annotat
860 4033 973 4102 enim:
1000 4032 1220 4120 „simplicius
1243 4033 1336 4101 haee
1359 4033 1478 4101 dicen·

359 4168 457 4236 tem”
481 4168 543 4237 sed
568 4168 786 4253 persuadere
810 4167 898 4235 mihi
922 4189 994 4237 non
1014 4189 1160 4252 possum
1182 4189 1263 4236 earn
1282 4167 1479 4236 lectionem
