3322 5290
904 445 948 513 46

371 679 467 748 hane
508 679 756 747 coniecturam
797 677 952 763 protuli,
988 675 1083 762 quod
1120 675 1208 744 satis
1243 673 1374 743 audax·
1399 673 1489 741 mihi

373 813 527 897 videtur,
564 834 690 881 verum
722 810 893 897 quoniam
923 810 961 879 id
985 833 1095 879 unum
1121 831 1209 896 age,
1233 813 1275 877 ut
1299 808 1490 879 contextui

372 945 593 1014 Petroniano
630 967 738 1032 quam
774 944 932 1013 maxime
966 942 1119 1029 prosim,
1155 965 1260 1028 spero
1291 942 1371 1011 fore
1394 946 1436 1011 ut
1459 941 1489 1010 si

372 1080 589 1166 erraverim,
613 1079 702 1148 mihi
725 1079 947 1166 ignoscatur.

417 1213 484 1281 His
520 1216 630 1298 atque
665 1212 799 1280 talibus
830 1211 942 1280 animi
965 1211 1139 1280 commoti
1163 1209 1489 1296 significationibus

373 1369 456 1414 cum
479 1346 596 1433 magis
619 1346 808 1432 magisque
832 1345 1054 1430 effervisset‚
1078 1345 1239 1413 invidiae
1258 1343 1387 1429 plenus
1408 1364 1489 1412 con-

369 1477 493 1548 silium
525 1478 624 1564 capit
654 1499 726 1547 non
750 1479 908 1564 prudens
931 1478 968 1546 id
992 1477 1155 1564 quidem,
1179 1478 1242 1547 sed
1267 1477 1364 1563 quod
1387 1477 1490 1545 intel·

372 1612 495 1698 legere
540 1612 736 1697 possimus,
772 1635 856 1681 cum
890 1612 1121 1681 solitudinem
1158 1611 1234 1680 eius
1269 1613 1489 1696 reputemus,

373 1746 613 1832 Inspiciamus
658 1747 768 1816 modo
808 1746 927 1831 ipsum
968 1745 1102 1814 librum
1136 1747 1311 1814 nostrum.
1348 1743 1490 1827 Verba,

374 1902 467 1965 quae
510 1878 612 1964 volo,
654 1881 827 1967 leguntur
865 1878 931 1948 sub
965 1880 1074 1948 finem
1110 1879 1239 1965 capitis
1275 1877 1491 1964 octogesimi

373 2014 497 2100 primi:
524 2014 666 2102 „iacent
688 2036 785 2083 nunc
809 2019 991 2083 amatores
1015 2013 1170 2100 obligati
1193 2011 1360 2081 noctibus
1384 2011 1490 2094 totio,

332 2239 337 2262 x
375 2151 412 2217 et
447 2148 602 2216 forsitan
636 2147 772 2217 mutuis
802 2147 1011 2216 libidinibus
1036 2147 1152 2216 attriti
1178 2146 1345 2215 derident
1367 2145 1491 2214 solitu-

374 2283 496 2351 dinem
519 2305 639 2351 meam
663 2282 724 2351 sed
745 2302 818 2350 non
837 2281 985 2367 impune
1003 2304 1089 2350 nam
1102 2284 1168 2349 aut
1178 2281 1235 2348 vir
1248 2301 1316 2366 ego
1329 2278 1491 2364 liberque

374 2436 447 2483 non
471 2437 568 2499 sum,
592 2413 779 2482 autnoxio
800 2413 976 2499 sanguine
995 2412 1197 2499 parentabo
1210 2411 1364 2480 iniuriae
1377 2434 1491 2480 meae.

373 2549 466 2617 haec
512 2548 657 2618 locutus
699 2547 822 2633 gladio
856 2549 954 2616 latus
989 2547 1114 2634 cingo,
1150 2550 1187 2615 et
1221 2569 1266 2614 ne
1300 2545 1492 2613 infirmitas

375 2682 544 2750 militiam
563 2682 749 2768 perderet,
773 2681 993 2768 largioribus
1018 2681 1106 2749 cibis
1131 2681 1250 2749 excito
1276 2681 1381 2749 vires.
1405 2701 1493 2748 mox

374 2816 412 2884 in
436 2816 622 2900 publicum
642 2815 790 2901 prosilio
810 2815 1035 2900 furentisque
1051 2835 1153 2882 more
1171 2787 1295 2882 omnes
1309 2813 1492 2881 circumeo

375 2949 547 3034 porticus.
588 2950 651 3018 sed
685 2950 771 3017 dum
807 2948 966 3018 attonito
1002 2946 1104 3015 vultu
1142 2947 1369 3032 efferatoque
1400 2945 1493 3014 vnihil

376 3081 475 3151 aliud
511 3106 620 3168 quam
655 3082 805 3151 caedem
841 3084 878 3150 et
911 3081 1125 3168 sanguinem
1162 3080 1307 3166 cogito”
1343 3102 1371 3148 e.
1403 3103 1435 3165 q.
1466 3102 1491 3147 s.

376 3215 527 3286 Prorsus
569 3215 748 3284 assentior
785 3215 1013 3284 Buechelero
1049 3215 1095 3283 ad
1132 3236 1259 3282 vocem
1298 3211 1494 3300 „obligati”

377 3348 587 3418 annotanti:
615 3347 757 3436 „potius
781 3348 978 3435 colligati'’‚
1003 3349 1065 3418 sed
1087 3349 1185 3434 quod
1205 3347 1262 3415 vir
1275 3345 1494 3415 clarissimus

376 3484 414 3552 in
438 3483 539 3552 calce
558 3483 716 3569 paginae
735 3483 782 3551 ad
805 3504 947 3550 versum
969 3481 1315 3550 duodetricesimum
1327 3477 1493 3548 ascribit:

379 3619 653 3704 „exspectamus
678 3616 906 3703 efferatoque
929 3616 1059 3685 incedo
1083 3639 1127 3684 ac
1151 3611 1494 3699 deindecogitans''‚

377 3748 555 3817 hactenus
578 3751 722 3817 tantum
746 3749 855 3817 modo
880 3772 963 3818 cum
987 3771 1030 3818 eo
1054 3749 1151 3817 facio
1171 3751 1214 3817 ut
1225 3747 1314 3815 mihi
1327 3745 1496 3814 videatur

275 3979 276 3982 Ἴ
377 3886 477 3951 recte
500 3883 680 3952 iudicasse
699 3884 797 3952 hunc
815 3884 936 3952 locum
958 3883 1049 3951 vitio
1069 3882 1238 3951 laborare
1251 3893 1287 3949 et
1299 3880 1497 3965 prudenter

379 4017 645 4086 demonstrasse
681 4040 790 4102 quam
824 4017 1042 4086 sententiam
1074 4016 1134 4084 hic
1169 4016 1364 4083 contextus
1387 4012 1496 4080 orati-

380 4150 459 4220 onis
505 4149 668 4235 requirat
713 4151 776 4218 sed
822 4151 867 4218 de
912 4149 1084 4233 remedie,
1127 4171 1198 4234 qno
1244 4148 1336 4215 haec
1384 4145 1496 4212 verba
