3322 5290
904 410 945 474 10

363 639 530 723 exempla
556 637 663 707 huius
687 661 772 707 usus
795 639 969 724 proferre.
994 640 1076 709 Non
1100 643 1185 708 sunt
1207 640 1321 726 igitur
1344 640 1488 727 gladia-

361 774 469 840 tores.
505 769 632 856 Neque
666 775 752 840 sunt
786 772 898 858 servi,
932 774 1027 858 quod
1060 773 1217 842 dilucide
1249 775 1404 859 apparet
1434 795 1485 841 ex

362 925 435 972 uno
460 907 498 972 et
520 904 637 974 altero
660 905 744 973 loco
768 905 980 990 satirarum,
1006 928 1035 974 e.
1050 929 1083 992 g.
1098 927 1127 973 c.
1155 907 1229 991 107,
1253 905 1315 974 ubi
1335 905 1485 974 Eumol-

362 1062 429 1124 pus
463 1039 598 1108 liberos
632 1039 815 1125 homineS,
845 1040 996 1109 iuvenes
1020 1041 1197 1126 ingenuos
1221 1062 1284 1108 cos
1307 1039 1481 1125 appellat.

363 1171 402 1241 Si
426 1194 472 1241 ex
495 1173 564 1257 eiS,
589 1194 682 1258 quae
705 1174 947 1258 praecedunt,
967 1173 1072 1242 nobis
1092 1173 1342 1242 coniecturam
1358 1174 1482 1242 facere

362 1306 449 1374 licet
483 1307 529 1375 de
563 1306 772 1376 conditione
808 1329 932 1375 eorum
968 1307 1174 1392 hominum,
1211 1307 1272 1391 qui
1303 1307 1340 1374 in
1371 1328 1482 1391 opere

362 1443 489 1508 nostro
531 1462 614 1508 suas
656 1442 779 1524 partes
823 1441 955 1526 agunt,
998 1440 1077 1509 fieri
1112 1462 1186 1509 non
1220 1443 1357 1526 potest,
1395 1437 1483 1525 quin

364 1573 567 1660 cogitemus
603 1573 648 1641 de
683 1572 927 1659 scholasticis,
963 1575 1024 1659 qui
1055 1597 1099 1642 cx
1131 1596 1261 1642 severa
1291 1573 1483 1659 disciplina

363 1707 511 1776 scholae
543 1706 731 1775 cuiusdam
761 1729 839 1775 sese
863 1707 1128 1792 expediverunt
1152 1710 1190 1776 et
1213 1706 1347 1791 vitam,
1372 1728 1483 1792 quam

363 1863 429 1910 nos
476 1863 651 1909 vocamus
694 1839 974 1926 „Bohemicam”
1017 1841 1116 1909 vitae
1158 1839 1300 1926 legibus
1334 1840 1483 1909 scholae

364 1974 553 2056 astrictae,
580 1976 874 2058 anteposuerunt.

410 2106 545 2190 Quodsi
575 2108 648 2176 hoc
678 2109 840 2192 constat,
873 2106 986 2175 verba
1013 2108 1050 2175 in
1075 2110 1180 2176 aestu
1202 2108 1340 2176 irarum
1365 2107 1482 2192 edita,

364 2265 436 2312 non
473 2265 550 2312 esse
585 2242 767 2328 urgenda,
804 2245 928 2310 tamen
958 2241 1095 2327 aliquid
1127 2242 1205 2310 veri
1228 2242 1267 2309 in
1290 2242 1342 2311 eis
1365 2242 1483 2310 inesse

365 2376 475 2461 solet,
513 2377 627 2463 quod,
663 2378 704 2443 ut
738 2375 790 2443 ita
825 2374 964 2460 dicam,
989 2376 1084 2445 ultro
1109 2379 1263 2461 apparet
1285 2375 1481 2445 etidcirco

364 2510 474 2579 facile
494 2508 715 2596 agnoscitur.
736 2508 934 2594 Encolpius
954 2514 1100 2595 praeter
1120 2510 1326 2578 ceterahoc
1339 2531 1482 2595 quoque

366 2644 519 2729 Ascylto
556 2643 647 2711 vitio
672 2643 754 2710 dat:
781 2643 1006 2728 „subduxisti
1031 2646 1068 2712 te
1093 2666 1115 2710 a
1138 2643 1387 2729 praeceptoris
1412 2645 1482 2714 col-

364 2777 522 2864 loquio''.
559 2776 596 2846 Si
631 2777 703 2846 hoc
738 2799 865 2845 verum
900 2781 956 2846 est
987 2818 1029 2824 —
1061 2800 1178 2862 neque
1211 2777 1357 2846 videtur
1387 2801 1481 2863 esse,

366 2935 431 2982 cur
454 2911 491 2980 in
512 2911 662 2980 dubium
681 2911 718 2978 id
741 2932 931 2995 vocemus,
953 2911 1039 2996 quia
1051 2911 1225 2995 Ascyltus
1238 2911 1482 2980 criminationi

365 3046 586 3132 respondens
617 3067 690 3114 non
720 3045 900 3112 infitiatur
922 3067 999 3113 rcm
1022 3044 1155 3129 ipsam,
1180 3047 1243 3114 sed
1266 3045 1401 3114 famem
1425 3069 1483 3114 ex·

367 3179 592 3249 cusationem
616 3178 727 3264 fugae
750 3177 863 3246 habet
885 3218 929 3225 —
954 3178 1004 3247 eis
1029 3178 1148 3247 verbis
1172 3178 1324 3248 fulcitur
1344 3181 1483 3249 coniec-

365 3315 467 3399 tura,
485 3335 593 3398 quam
606 3335 717 3398 supra
728 3312 982 3398 proposuimus
995 3313 1040 3381 de
1054 3313 1263 3383 conditione
1275 3318 1483 3385 nostrorum

366 3447 564 3515 hominum.
584 3446 778 3532 Reliquum
792 3467 1005 3530 responsum
1017 3445 1160 3531 Ascylti
1174 3469 1248 3515 non
1261 3451 1317 3516 est
1328 3471 1484 3534 magnac

366 3580 403 3647 in
426 3583 682 3665 praeceptores
702 3579 929 3648 reverentiae
951 3582 989 3648 et
1006 3580 1116 3648 finem
1134 3579 1226 3648 facit
1244 3561 1345 3648 hisce
1364 3580 1484 3649 verbis

365 3711 643 3797 inexspectatis:
689 3711 845 3798 „Multo,
896 3712 1031 3798 inquit,
1079 3715 1137 3782 me
1183 3713 1325 3798 turpior
1370 3736 1408 3782 cs
1443 3717 1482 3782 tu

365 3847 531 3930 hercule,
575 3847 653 3932 qui,
696 3849 738 3914 ut
779 3846 867 3915 foris
910 3869 1075 3932 cenares,
1110 3849 1258 3932 poetam
1292 3846 1485 3915 laudasti.'’

367 3981 469 4063 Quae
505 3979 617 4048 verba
648 3983 793 4049 tantum
822 3980 1046 4067 litigantium
1078 3980 1189 4049 risum
1214 3980 1419 4065 concitant,
1444 3983 1486 4048 ut

366 4116 463 4184 inter
497 4137 535 4183 se
567 4113 851 4182 reconcilientur
880 4115 917 4182 et
943 4115 1009 4200 „ad
1034 4113 1196 4200 reliqua''
1219 4113 1403 4182 secedant.
1427 4113 1487 4180 lta
