3322 5290
751 452 792 518 19

206 679 324 765 quinti
344 681 486 767 decimi,
507 681 569 750 ubi
592 682 747 768 legimus
765 681 858 750 hace
878 680 1008 749 verba:
1032 702 1109 768 „res
1122 702 1216 766 quae
1228 680 1325 748 vide-

205 817 333 882 rentur
372 814 410 882 in
450 815 740 884 controversiam
778 815 888 884 csse.'’
932 813 1025 896 Quid
1061 812 1202 898 obstat,
1239 813 1325 898 quin

208 947 539 1032 „controversiam”
549 951 814 1018 commutemus
826 949 864 1016 in
878 945 1325 1034 „controversia''?Probe

205 1078 299 1163 sci0,
323 1079 421 1148 hunc
444 1103 555 1148 unum
588 1103 667 1158 esse
688 1081 811 1149 locum
838 1080 1117 1164 Petronianum,
1143 1078 1205 1147 ubi
1232 1079 1325 1146 haec

205 1211 319 1280 uerba
360 1213 589 1297 reperiantur
623 1215 660 1282 et
693 1235 738 1280 ea
772 1213 818 1282 de
852 1235 963 1281 causa
997 1211 1228 1298 perdifficile·
1246 1233 1324 1280 csse

204 1342 422 1430 diiudicare,
440 1348 563 1415 utram
573 1346 768 1414 lectionem
782 1368 896 1433 genus
909 1345 1053 1415 dicendi
1064 1344 1325 1414 Petronianum

205 1475 391 1550 desideret
419 1499 537 1563 neque
570 1478 700 1565 ignoro
732 1477 830 1563 apud
853 1477 1048 1563 scriptores
1070 1476 1223 1546 Latinos
1246 1477 1323 1545 eius

204 1609 338 1678 aetatis
372 1611 489 1679 multa
523 1611 597 1678 alia
632 1611 808 1680 eiusmodi
844 1632 1047 1695 occurrere,
1071 1610 1135 1679 sed
1160 1613 1324 1697 „contro-

205 1743 345 1811 versia”
381 1744 470 1812 mihi
504 1745 621 1813 multo
655 1747 773 1831 magis
804 1745 927 1830 placet
956 1767 1066 1830 quam
1092 1747 1323 1827 „controver-

204 1876 329 1944 siam''.
363 1876 434 1946 Sed
466 1882 508 1946 ut
541 1879 754 1948 omittamus
781 1879 878 1947 hanc
900 1878 1003 1964 parvi
1028 1878 1204 1946 momenti
1227 1901 1321 1963 rem,

202 2032 464 2096 persequamur
487 2014 620 2081 cetera.

187 2191 192 2213 «ι
248 2142 364 2225 Quem
399 2145 537 2213 exitum
576 2146 688 2215 habet
730 2146 878 2232 querela
919 2143 1046 2212 mota?
1085 2143 1179 2214 Eum
1215 2166 1322 2230 quern

203 2276 312 2346 amici
346 2279 460 2347 nostri
492 2281 741 2364 speraverunt.
768 2278 1004 2364 „Indignatus
1027 2277 1123 2346 enim
1147 2277 1322 2362 rusticum

203 2410 300 2493 quod
334 2431 400 2478 nos
432 2413 625 2480 centonem
649 2411 892 2480 exhibendum
915 2411 1201 2496 postularemus,
1223 2379 1324 2478 misit

202 2541 395 2611 infaciem
422 2542 564 2630 Ascylti
589 2544 751 2612 tunicam
776 2547 813 2613 et
835 2543 1010 2613 liberatos
1033 2543 1196 2629 querella
1218 2542 1323 2611 iussit

202 2675 353 2759 pallium
395 2676 610 2762 deponerc''.
645 2678 717 2746 Hic
751 2679 885 2748 haereo
919 2678 956 2746 in
992 2700 1101 2763 voce,
1138 2700 1231 2764 quae
1266 2681 1323 2746 cst

204 2807 432 2894 „liberatos”
461 2810 567 2878 Itane
599 2811 679 2879 est?
711 2810 885 2896 Ascyltus
909 2812 947 2879 et
969 2809 1167 2895 Encolpius
1190 2811 1321 2878 suntne

202 2961 241 3007 re
276 2963 364 3009 vera
399 2964 421 3008 a
455 2943 592 3011 rustico
628 2943 791 3029 querella
823 2942 987 3028 liberati,
1020 2965 1104 3011 oum
1134 2941 1261 3011 tunica
1283 2941 1320 3009 in

202 3071 346 3158 Ascylti
391 3074 525 3143 faciem
571 3076 681 3144 missa
727 3075 807 3145 est?
853 3076 936 3146 Non
963 3076 1099 3161 credo,
1135 3076 1247 3144 immo
1282 3097 1321 3144 se

201 3204 318 3290 ipsum
350 3208 512 3292 querella
542 3207 729 3294 liberavit,
754 3232 840 3277 narn
863 3210 1061 3295 Encolpius
1085 3211 1123 3279 et
1146 3208 1320 3294 Ascyltus

202 3338 290 3406 nihil
337 3340 455 3410 minus
501 3341 649 3411 obnoxii
696 3346 781 3412 sunt
827 3343 969 3412 crimini
1015 3343 1117 3429 pallii
1152 3344 1319 3428 surrepti.

202 3469 431 3557 Quapropter
453 3474 718 3547 restituendum
743 3497 820 3544 esse
844 3475 991 3545 videtur
1016 3475 1245 3562 „liberatus''.-

245 3579 355 3673 Hisce
385 3605 543 3675 feliciter
572 3608 730 3692 peractis
752 3608 843 3677 socii
866 3607 1084 3693 praecipites
1108 3608 1258 3678 domum
1280 3629 1319 3678 sc

201 3736 381 3821 recipiunt
408 3740 445 3806 et
467 3739 665 3824 praeclusis
688 3739 827 3808 foribus
850 3740 971 3809 rident
994 3740 1234 3810 calliditatem
1259 3741 1319 3810 ad-¹

201 3851 453 3937 versariorum.
480 3870 581 3940 Cena
605 3871 749 3941 Gitonis
772 3887 883 3941 manu
903 3876 1035 3958 parata
1059 3873 1155 3942 vires
1179 3895 1318 3952 recrea·

202 3999 306 4085 bant,
342 4024 424 4070 oum
451 4003 573 4072 subito
597 4005 730 4073 ostium
757 4027 849 4091 „non
873 4005 962 4074 satis
986 4005 1118 4074 audaci
1141 4005 1318 4090 strepitu”

200 4133 383 4217 pulsatum
425 4139 499 4221 cst„
539 4136 618 4205 sive
661 4141 703 4207 ut
745 4138 856 4222 ipsius
887 4139 1050 4207 Petronii
1079 4139 1199 4208 verbis
1234 4143 1318 4208 utar
