3322 5290
722 423 763 488 a?

178 651 423 735 supplendum
447 673 524 720 esse
549 651 768 720 vocabulum
793 652 892 738 quod
915 653 970 719 est
996 650 1139 733 „cona”
1159 649 1298 718 Verum

178 783 356 872 quidnam
382 784 521 870 obstat,
546 785 738 873 quominus
763 807 844 852 eam
868 806 1002 853 vocem¹
1020 784 1132 852 etiam
1155 783 1192 852 in
1216 805 1298 852 oon·

177 920 325 986 textum
348 918 591 1003 recipiamus?
615 918 766 986 Frustra
786 917 882 986 enim
898 917 1061 1006 quaesivi
1075 918 1166 988 alios
1179 917 1297 1002 locos,

178 1050 244 1138 qui
291 1051 443 1120 eandem
487 1053 674 1136 praestent
714 1037 956 1120 omissionem.
1003 1051 1113 1120 Nullo
1148 1052 1297 1139 negotio

178 1181 417 1270 intelligitur,
448 1184 600 1254 sirecte
629 1183 832 1269 disputasse
865 1184 1034 1269 videbor,
1063 1207 1142 1253 eam
1168 1207 1296 1254 vocem

179 1316 219 1384 in
253 1320 465 1387 contextum
501 1341 579 1388 esse
613 1317 841 1387 inserendam
876 1322 960 1403 post
995 1318 1164 1404 verbum,
1200 1321 1297 1407 quod

356 1454 374 1481 ii

180 1457 239 1522 est
263 1476 351 1541 „me

488 1880 549 1962 Ad
579 1905 663 1984 cap.
694 1880 778 1961 XCI
806 1905 896 1965 vers
925 1883 986 1963 25.

227 2096 270 2163 In
299 2095 430 2165 balneo
461 2095 658 2181 Encolpius
683 2093 819 2164 Gitona
841 2095 1002 2182 repperit
1024 2099 1062 2164 et
1086 2117 1169 2164 oum
1193 2098 1243 2165 eo‘
1260 2096 1297 2163 in

183 2228 341 2314 gratiam
364 2228 481 2298 rediit.
507 2229 592 2299 Una
611 2229 646 2297 in
667 2229 866 2340 hospitium
885 2229 982 2300 illius
995 2230 1297 2315 pervolaverunt,

183 2362 245 2431 ubi
269 2363 343 2432 duo
366 2366 532 2432 amantes
554 2363 754 2449 praeclusis
777 2363 915 2433 foribus
939 2343 1065 2433 omnes
1088 2363 1200 2432 animi
1223 2386 1299 2433 sen·

184 2521 243 2567 sus
274 2501 502 2583 expromunt.
534 2499 724 2567 Postremo
748 2499 945 2586 Encolpius
968 2500 1061 2567 haec
1084 2498 1188 2567 dicit:
1216 2501 1299 2584 „sed

183 2632 273 2701 nihil
308 2631 381 2701 iam
416 2653 567 2721 queror,
602 2631 693 2700 nihil
726 2632 801 2701 iam
836 2632 1001 2716 memini,
1037 2633 1066 2702 si
1097 2632 1194 2701 bona
1227 2634 1300 2702 fide

184 2766 446 2850 paenitentiam
482 2767 685 2835 emendas.''
720 2766 875 2834 Paulum
907 2766 1051 2850 dubito,
1082 2766 1176 2834 sitne
1199 2769 1299 2834 recte

185 2900 322 2969 dictum
345 2901 628 2987 „poenitentiam
652 2902 879 2973 emendare.''
898 2901 1016 2971 Credo
1029 2902 1089 2971 hic
1101 2901 1298 2971 desiderari

186 3036 421 3121 sententiam,
445 3057 555 3124 quam
573 3035 688 3105 habet
705 3035 855 3104 verbum
867 3036 1063 3122 probandi,
1077 3039 1300 3124 quapropter

186 3190 249 3255 pro
283 3169 498 3256 „emendas”
528 3169 723 3256 legendum
748 3191 877 3239 censeo
904 3170 1193 3256 „commendas”
1216 3169 1300 3239 Non

187 3303 430 3387 emendanda,
454 3303 475 3371 i.
490 3326 520 3372 e.
546 3303 780 3389 corrigenda,
804 3303 943 3372 mendis
966 3305 1158 3391 purganda
1177 3304 1299 3390 paoni-

186 3435 300 3503 tentia
323 3435 412 3504 mihi
436 3435 598 3519 videtur,
621 3436 684 3505 sed
709 3436 1015 3521 commendanda,
1031 3437 1085 3505 ie.
1100 3436 1298 3522 probanda.

188 3567 223 3638 Si
254 3591 402 3654 vocem,
431 3572 604 3657 quaeest
629 3571 843 3656 „emendas”
866 3591 1070 3656 servamus,
1095 3571 1300 3640 necessaria

187 3701 272 3770 mihi
293 3702 439 3772 videtur
462 3703 675 3772 coniectura
698 3723 808 3791 quam
831 3704 1022 3789 proposuit
1033 3704 1298 3788 BuecheleruS,

188 3837 244 3925 qui
291 3837 328 3905 in
370 3837 492 3907 locum
534 3837 637 3907 vocis
674 3837 979 3924 „paenitentiam”
1013 3837 1183 3907 substitui
1219 3838 1300 3907 vult

191 3971 459 4053 „sententiam”
