3322 5290
890 453 934 519 22

349 703 421 768 quo
445 703 618 768 magnum
642 703 834 749 numerum
857 680 1052 748 verborum
1076 681 1265 747 mutuatus
1290 681 1361 762 est,
1379 676 1468 746 Ver·

349 815 477 903 gilium
508 816 614 900 volo,
637 837 712 883 uno
740 817 779 883 et
802 815 919 884 altero
944 814 1027 883 loco
1051 813 1122 882 hoo
1147 811 1298 881 verbum
1321 811 1467 897 legitur.

348 949 416 1018 His
449 948 652 1019 rationibus
686 948 867 1017 adductus
902 946 1069 1032 equidem
1103 967 1177 1014 non
1210 966 1339 1013 vereor
1369 943 1468 1012 viros

349 1083 478 1152 doctos
516 1104 648 1168 rogare
682 1084 724 1149 ut
758 1103 879 1150 secum
917 1080 1135 1164 deliberent,
1172 1081 1294 1149 utrum
1329 1077 1468 1146 tradita

348 1215 460 1284 lectio
483 1215 531 1284 sit
553 1214 676 1300 potior
698 1237 745 1282 an
770 1237 831 1297 ea,
856 1236 964 1300 quam
989 1211 1171 1298 proposui.

393 1347 554 1417 Tresviri
577 1347 693 1417 nostri
716 1347 792 1417 aeri
816 1351 969 1434 argento
1001 1368 1091 1415 auro
1111 1346 1268 1415 furando
1287 1345 1466 1431 rapiundo

348 1481 454 1550 taciti
474 1485 645 1551 eventum
664 1481 771 1550 huius
789 1480 960 1550 insolitae
973 1479 1204 1550 salutationis
1217 1478 1466 1564 opperiuntur.

349 1615 531 1698 Quartilla
562 1615 722 1684 lacrimis
757 1615 830 1685 suis
864 1614 1039 1701 indulget.
1071 1613 1212 1683 Deinde
1243 1613 1406 1682 narratio
1430 1613 1468 1681 in

349 1749 447 1817 hunc
481 1749 630 1817 modum
664 1747 897 1834 progreditur
933 1770 998 1834 „ac
1029 1770 1075 1816 ne
1104 1749 1193 1816 tunc
1225 1745 1370 1832 quidem
1394 1767 1466 1814 non

349 1882 462 1949 ullum
499 1881 697 1950 adiecimus
722 1881 890 1964 verbum,
915 1881 978 1950 sed
1002 1880 1150 1949 attoniti
1175 1880 1467 1964 exspectavimus

349 2015 519 2083 lacrimas
562 2015 607 2082 ad
651 2014 935 2083 ostentationem
978 2013 1114 2083 doloris
1149 2013 1330 2109 paratas'f.
1366 2012 1467 2095 Quae

350 2147 549 2232 sententia,
585 2147 654 2216 nisi
688 2147 811 2216 omnia
842 2169 900 2215 me
930 2147 1080 2232 fallunt,
1104 2169 1178 2216 non
1201 2147 1362 2215 concinit
1385 2169 1467 2215 cum

352 2281 420 2366 eis,
445 2303 538 2366 quae
562 2281 794 2349 antecedunt.
819 2279 999 2362 Quartilla
1023 2280 1059 2348 in
1077 2279 1248 2348 lacrimas
1267 2279 1469 2349 effunditur

351 2419 388 2484 et
407 2415 527 2496 ‚taciti
562 2414 690 2483 arbitri
724 2417 939 2500 exspectant
968 2415 1148 2483 lacrimas.
1180 2414 1284 2484 Haeo
1311 2414 1407 2484 inter
1430 2438 1468 2484 se

352 2549 547 2618 conciliare
570 2570 721 2635 nequeo.
748 2546 786 2618 Si
809 2548 986 2617 hocloco
1010 2549 1184 2633 scriptum
1205 2551 1300 2617 esset
1321 2571 1468 2635 „expec-

349 2683 510 2752 tavimus
542 2682 776 2750 lacrimarum
807 2683 916 2750 finem
948 2682 995 2751 ad
1026 2682 1310 2751 ostentationem
1333 2682 1469 2751 doloris

351 2815 604 2902 paratarum,''
637 2817 760 2885 omnia
789 2819 890 2885 recte
921 2817 1169 2902 procederent.
1195 2817 1322 2903 Neque
1344 2819 1468 2886 tamen

352 2948 398 3017 ad
439 2951 583 3017 tantam
627 2948 702 3016 'vim
745 2948 956 3034 confugiam
990 2951 1185 3034 propterea
1220 2951 1316 3035 quod
1351 2949 1468 3018 multo

351 3081 468 3151 lenius
501 3084 623 3151 exstat
652 3081 871 3167 remedium,
895 3104 967 3168 quo
992 3082 1052 3150 hic
1073 3082 1176 3151 loeus
1200 3083 1321 3151 sanari
1343 3082 1467 3167 possit.

351 3215 623 3285 Tantummodo
666 3239 749 3284 cum
796 3214 978 3285 Sambuco
1024 3238 1091 3301 pro
1133 3217 1467 3304 „exspectavimus”

351 3350 516 3436 legamus
564 3348 860 3434 „spectavimus”‚
905 3349 963 3417 cui
997 3349 1146 3418 lectioni
1180 3350 1361 3420 neminem
1395 3373 1468 3419 non

353 3506 584 3552 assensurum
608 3482 697 3550 mihi
720 3483 866 3568 quidem
890 3505 1103 3568 persuasum
1127 3486 1191 3552 est.

397 3616 446 3685 Vi
467 3616 701 3684 lacrimarum
726 3616 877 3702 profusa
897 3616 1078 3698 Quartilla
1096 3616 1245 3685 tandem
1266 3617 1312 3686 ad
1325 3639 1363 3686 se
1375 3617 1470 3686 redit

353 3752 391 3817 et
425 3749 545 3818 verbis
579 3749 802 3836 gravissimis
832 3750 999 3835 increpat
1029 3749 1128 3820 fures
1158 3751 1270 3835 pallii.
1295 3751 1349 3820 Eo
1375 3752 1469 3821 enim

353 3886 525 3968 spectare
554 3882 668 3952 verba
701 3883 781 3968 illa,
807 3906 1008 3970 „quaenam
1033 3887 1088 3953 est
1109 3885 1202 3952 haec
1227 3884 1383 3953 audacia
1406 3888 1470 3953 aut

352 4016 414 4084 ubi
449 4016 593 4086 fabulas
631 4017 743 4085 etiam
774 4020 1009 4087 antecessura
1042 4018 1238 4086 latrocinia
1271 4017 1469 4087 didicistis’'

353 4148 413 4218 vel
421 4149 543 4234 potius
552 4149 942 4236 posteriorempartem
951 4151 1057 4220 huius
1066 4152 1269 4220 sententiae
1278 4151 1470 4220 adfurtum
