3322 5290
907 471 949 536 14

365 721 438 768 non
479 699 685 785 responsuri
721 698 802 768 sint.
835 699 914 786 Ego
944 701 1075 768 saltem
1105 722 1179 769 non
1212 701 1347 786 habac,
1385 701 1483 786 quod

364 833 451 901 huic
482 833 685 918 quaestioni
716 834 965 918 respondeam.
995 834 1135 903 Locum
1166 835 1379 922 intellegere
1401 855 1484 920 pos-

366 987 463 1051 sum,
492 966 523 1034 si
551 988 616 1051 pro
643 966 780 1054 „male”
804 967 959 1054 legimus
984 967 1161 1054 „malam”
1187 971 1224 1036 et
1246 990 1313 1053 pro
1339 967 1485 1055 „ambu-

364 1099 524 1168 lantem”
549 1099 720 1169 scribitur
745 1101 1000 1187 „ambulanti”.

409 1234 469 1302 Ita
492 1237 534 1302 ut
557 1237 688 1302 auctor
709 1237 834 1303 noster
856 1235 974 1319 dieat,
998 1257 1055 1304 res
1078 1235 1115 1302 in
1135 1235 1217 1303 foro
1239 1234 1386 1303 venales
1405 1257 1485 1304 esse

367 1389 446 1452 eas,
471 1389 625 1453 quarum
648 1366 828 1453 originem
850 1370 1057 1452 suspectam
1081 1367 1285 1437 obscuritas
1308 1368 1485 1453 temporis

367 1499 482 1568 oculis
524 1501 836 1585 praetereuntium
878 1499 1110 1570 subtraheret
1144 1503 1210 1569 aut
1242 1541 1285 1548 -
1321 1503 1359 1569 et
1393 1501 1486 1569 baec

366 1632 621 1718 interpretatio
664 1633 752 1701 mihi
786 1633 909 1719 potior
944 1633 1090 1702 videtur
1123 1674 1167 1681 —
1201 1656 1354 1719 quarum
1392 1634 1486 1702 vitia

367 1767 570 1837 obscuritas
593 1767 767 1853 temporis
791 1768 1108 1853 praetereuntibus
1130 1771 1282 1854 tegeret.

412 1901 492 1984 Quo
539 1902 691 1972 consilio
726 1901 836 1970 amici
869 1901 985 1971 nostri
1014 1901 1051 1968 in
1082 1901 1203 1970 forum
1235 1902 1483 1970 descendunt?

366 2035 420 2106 Ut
438 2036 591 2121 pallium
613 2035 826 2122 „latrocinio
846 2035 1014 2120 raptum''
1036 2034 1215 2119 vendant,
1235 2035 1280 2103 de
1301 2058 1372 2120 quo
1385 2035 1483 2103 furto

367 2171 441 2239 iam
477 2174 587 2239 antea
621 2169 722 2238 iacto
753 2169 888 2238 satirae
915 2168 1005 2236 nihil
1029 2168 1184 2253 amplius
1207 2168 1368 2237 tradunt.
1394 2167 1485 2236 Cum

367 2307 405 2374 in
440 2305 575 2392 angulo
610 2304 769 2389 quodam
801 2306 956 2387 vestem,
981 2301 1084 2371 cuius
1109 2302 1279 2387 splendor
1302 2304 1484 2386 emptores

369 2439 551 2522 alliceret,
586 2436 861 2522 explicuissent,
895 2435 1049 2504 accessit
1078 2435 1235 2504 rusticus
1259 2434 1424 2520 quidam,
1447 2433 1484 2501 in

369 2573 520 2641 humero
544 2571 707 2640 tunicam
732 2570 905 2638 detritam
929 2570 967 2637 et
990 2569 1193 2637 obsoletam
1206 2590 1346 2655 gerens,
1359 2568 1485 2636 itidem

369 2705 547 2772 venalem.
584 2703 619 2773 Is
653 2703 804 2789 pallium
841 2702 1050 2788 diligentius
1087 2702 1317 2770 considerare
1353 2701 1483 2786 coepit.

372 2839 555 2922 „invicem
573 2836 748 2922 Ascyltus
767 2836 883 2904 -ita
904 2836 999 2904 enim
1018 2836 1182 2905 narratio
1198 2835 1432 2922 progreditur
1444 2875 1484 2882 -

368 2971 493 3040 iniecit
517 2969 864 3055 contemplationem
885 2991 993 3054 super
1008 2991 1154 3038 umeros
1173 2968 1299 3038 rustici
1313 2967 1486 3053 emptoris

370 3129 414 3175 ac
448 3106 569 3175 subito
605 3104 835 3173 exanimatus
871 3102 1083 3172 conticuit.'’
1115 3102 1186 3172 Sed
1216 3101 1391 3187 Ascyltos
1413 3122 1486 3168 non

370 3241 479 3309 modo
514 3240 652 3307 nullam
678 3259 806 3306 vocem
830 3237 962 3321 edidit,
988 3237 1050 3306 sed
1073 3258 1119 3304 ne
1142 3235 1308 3303 muttivit
1331 3233 1485 3318 quidem.

370 3372 464 3455 Quid
500 3373 612 3458 igitur
634 3371 701 3440 sibi
726 3371 807 3439 vult
828 3370 919 3438 illud
944 3367 1188 3452 ‚,oontiouit''‘?
1213 3365 1391 3451 Equidem
1414 3386 1488 3432 non

372 3506 547 3592 intellego
583 3527 700 3590 neque
735 3505 862 3574 dubito
900 3503 986 3589 quin
1018 3503 1091 3570 alia
1123 3523 1197 3569 vox
1219 3501 1255 3568 in
1279 3500 1350 3569 hoc
1374 3499 1486 3567 verbo

370 3639 496 3705 lateat.
533 3635 727 3721 Ascyltum
759 3639 858 3704 metu
891 3635 1140 3703 exanimatum
1165 3655 1260 3716 esse,
1287 3654 1370 3699 oum
1393 3631 1487 3698 tuni·

372 3792 470 3854 cam,
512 3769 550 3836 in
593 3768 695 3836 cuius
738 3769 866 3836 sutura
904 3770 1113 3854 argentum,
1148 3767 1238 3834 item
1274 3761 1487 3851 „latrocinio

375 3901 543 3987 raptum'’
581 3900 688 3969 amici
724 3899 958 3985 abdiderant,
982 3900 1020 3966 in
1042 3898 1209 3967 manibus
1232 3897 1339 3966 huius
1362 3894 1490 3964 rustici

372 4034 490 4119 videt,
515 4055 560 4102 ex
584 4033 664 4119 ipsa
686 4034 739 4102 rei
762 4035 896 4102 natura
916 4033 1088 4118 sequitur,
1103 4055 1229 4101 verum
1240 4032 1351 4099 homo
1363 4033 1490 4098 tacens

371 4187 445 4235 non
479 4167 702 4236 conticescit.
739 4166 876 4236 Veram
911 4188 955 4235 ac
990 4166 1186 4252 genuinam
1221 4164 1417 4232 lectionem
1450 4161 1488 4227 in
