3322 5290
727 442 769 508 25

179 672 400 759 Encolpium
435 675 518 741 orat
541 675 651 758 atque
672 672 841 741 obsecrat
863 693 909 740 ne
933 670 1125 756 evulgent,
1146 669 1242 754 quod
1266 668 1301 736 in

180 807 319 877 sacello
344 806 468 892 Priapi
492 806 672 875 viderunt.
698 804 803 900 Quod
826 805 879 873 illi
900 805 1055 874 libenter
1073 803 1303 890 pollicentur,

180 942 397 1026 profitentes
415 959 454 1010 se
478 940 514 1009 in
540 940 706 1009 omnibus
727 940 833 1009 rebus
852 938 1054 1021 Quartillae
1074 960 1213 1007 morem
1226 960 1304 1006 esse

179 1080 360 1163 gesturos.
385 1076 456 1144 Illa
478 1075 614 1162 gaudio
639 1075 816 1159 exsultat,
841 1074 939 1159 quod
963 1075 1093 1141 auctor
1116 1075 1242 1140 noster
1260 1111 1304 1119 -

179 1211 355 1297 leguntur
391 1209 501 1278 verbo
537 1209 603 1278 sub
638 1209 747 1277 finem
780 1209 910 1294 capitis
944 1205 1230 1276 duodevicesimi
1260 1245 1304 1253 -

180 1345 253 1413 hoo
288 1343 398 1412 modo
434 1342 623 1412 describit:
662 1341 876 1431 „complosis
911 1341 1042 1411 deinde
1073 1339 1240 1409 manibus
1266 1338 1304 1406 in

181 1480 329 1546 tantum
352 1481 502 1563 repente
525 1477 638 1547 risum
662 1477 781 1545 effusa
804 1477 877 1562 est,
902 1479 944 1545 ut
966 1475 1177 1544 timeremus
1207 1473 1301 1542 idem

179 1633 228 1679 ex
265 1611 382 1678 altera
416 1613 520 1696 parte
545 1613 581 1678 et
609 1609 743 1679 ancilla
766 1608 872 1694 fecit,
896 1630 990 1694 quae
1013 1607 1113 1693 prior
1133 1610 1303 1694 venerat,

181 1745 280 1814 idem
300 1744 533 1831 virguncula,
559 1766 653 1830 quae
676 1766 750 1811 una
772 1743 985 1811 intraverat.
1011 1742 1134 1810 omnia
1156 1741 1303 1810 mimico

180 1878 257 1946 risu
293 1880 555 1962 exsonuerant,
580 1898 662 1946 oum
687 1877 832 1945 interim
855 1898 940 1962 nos,
965 1898 1057 1962 qaue
1078 1880 1156 1944 tam
1180 1897 1305 1960 repen·

181 2012 262 2081 tina
297 2015 392 2081 esset
421 2012 578 2082 mutatio
609 2012 813 2081 animorum
844 2012 960 2094 facta,
985 2011 1236 2098 ignoraremus
1261 2032 1305 2078 ac

182 2146 293 2215 modo
321 2145 585 2230 nosmetipsos
609 2145 718 2214 modo
742 2145 912 2214 mulieres
934 2143 1188 2213 intueremur.’'
1213 2142 1305 2212 Con·

182 2280 280 2350 sulto
311 2281 432 2348 totum
468 2280 565 2348 hunc
593 2280 717 2348 locum
749 2278 939 2364 exscripsi,
984 2282 1025 2347 ut
1059 2277 1306 2363 unusquisque

182 2412 308 2482 statim
344 2412 433 2481 mihi
464 2413 702 2482 assentiretur
732 2412 936 2498 perhibenti
960 2412 1050 2481 mire
1072 2410 1304 2499 languidam,

182 2545 295 2615 immo
316 2545 511 2615 absurdam
532 2568 610 2616 esse
634 2569 763 2616 vocem
790 2545 934 2633 „quce''.
956 2545 1182 2632 Magnopere
1193 2544 1305 2612 miror

182 2681 383 2766 neminem,
404 2681 501 2767 quod
522 2680 776 2766 cognoverim,
796 2680 833 2748 in
847 2702 891 2750 ea
903 2679 1085 2749 offensum
1096 2701 1176 2748 esse
1187 2700 1305 2763 neque

183 2818 308 2883 tamen
342 2836 433 2883 sana
459 2835 545 2895 ,esse
575 2816 707 2899 potest·
732 2812 923 2895 Quomodo
948 2813 1044 2882 enim
1063 2812 1142 2881 fieri
1165 2814 1305 2897 potest,

183 2952 226 3017 ut
261 2947 477 3033 Encolpius,
512 2951 707 3034 postquam
741 2947 865 3016 multis
898 2947 1017 3017 verbis
1043 2946 1305 3034 „mutationem

185 3081 412 3152 animorum''
447 3081 551 3150 nobis
587 3081 790 3167 enarravit,
826 3103 899 3150 unc
935 3080 1063 3165 spiritu
1094 3080 1148 3149 ita
1175 3084 1306 3168 pergat

185 3237 287 3299 „cum
323 3214 467 3283 interim
493 3236 577 3299 nos,
598 3236 693 3300 quae
717 3219 793 3282 tam
816 3212 1007 3300 repentina
1029 3216 1125 3282 esset
1139 3213 1305 3282 mutatio

184 3349 390 3418 animorum
428 3349 562 3418 facta.’'
598 3349 676 3418 Neo
708 3349 900 3435 quicquam
924 3348 1133 3434 proficimus
1158 3348 1204 3416 ad
1228 3371 1305 3417 rem

184 3482 299 3568 probe
330 3482 634 3569 intellegendum,
666 3504 749 3550 cum
773 3482 940 3567 ponimus
966 3480 1104 3568 „quae”
1126 3481 1186 3550 hic
1209 3482 1306 3550 idem

186 3599 309 3684 valere
331 3618 441 3701 atque
459 3614 628 3702 „qualis''.
642 3616 764 3683 Parva
776 3636 867 3700 opus
880 3618 936 3684 est
947 3615 1168 3701 mutatione,
1182 3619 1220 3684 te
1233 3637 1307 3683 una

184 3751 349 3820 litterula
383 3750 521 3819 inserta
558 3750 661 3818 locus
696 3771 780 3818 mea
809 3749 956 3836 quidem
981 3749 1163 3818 sententia
1186 3749 1307 3818 sanari

185 3887 316 3970 potest.
349 3884 561 3971 Legendum
586 3904 717 3952 censeo
743 3905 876 3968 „quare
895 3885 973 3952 tam
997 3882 1189 3968 repentina
1213 3885 1308 3951 esset

186 4018 343 4087 mutatio
391 4017 597 4086 animorum
638 4017 771 4085 facta’‘.
814 4015 1059 4085 Mutationem
1103 4015 1308 4084 animorum

187 4151 329 4219 factam
361 4169 440 4219 esse
464 4150 601 4235 sciunt,
627 4171 739 4234 quare
763 4149 828 4217 illa
850 4148 953 4216 facta
976 4148 1042 4233 sit,
1068 4148 1260 4235 ignorant*
