3322 5290
867 453 911 518 54

326 683 467 752 Deinde
493 705 616 751 versus
640 681 771 750 decimi
795 681 916 769 quarti
940 681 1105 748 ultimam
1131 702 1259 748 vocem
1283 679 1346 747 vix
1366 702 1444 748 esse

327 839 452 886 sanam
488 816 607 884 oredo.
645 813 737 897 Quid
772 813 868 884 enim
904 813 993 883 dicit
1015 813 1160 916 poeta?
1184 812 1273 880 Tres
1296 834 1353 880 res
1377 833 1443 880 nos

326 951 555 1037 pellexerunt
589 955 630 1017 ut
661 949 891 1017 crederemus
922 947 1055 1015 bellurn
1090 969 1167 1016 esse
1190 945 1350 1030 finitum,
1374 945 1443 1030 pri·

327 1107 424 1152 mum
466 1082 595 1152 titulus
638 1082 675 1150 in
715 1101 809 1170 equo
844 1080 995 1164 incisuS,
1033 1080 1163 1149 deinde
1199 1078 1328 1164 Sinon,
1364 1083 1442 1147 tum

327 1241 427 1286 mens
463 1239 626 1303 „semper
660 1217 697 1284 in
733 1217 907 1284 damnum
942 1213 1104 1300 potens'',
1136 1214 1234 1301 quod
1258 1212 1346 1280 mihi
1370 1234 1444 1280 non

327 1352 415 1420 satis
438 1353 538 1420 recte
562 1350 700 1418 dictum
725 1371 802 1418 esse
827 1347 981 1417 videtur.
1006 1348 1158 1418 Poetam
1182 1346 1243 1414 hio
1263 1345 1445 1432 cogitasse

327 1484 373 1552 de
395 1483 478 1552 loco
502 1483 565 1553 illo
590 1483 818 1570 Vergiliano,
843 1482 905 1569 qui
925 1482 961 1548 in
982 1481 1141 1549 secundo
1154 1479 1247 1548 libro
1261 1479 1445 1548 Aeneidos

326 1617 462 1703 legitur
497 1617 547 1705 „si
582 1639 682 1686 mens
712 1638 785 1684 non
816 1617 924 1684 laeva
947 1614 1096 1684 fuisset''
1121 1613 1207 1681 mihi
1232 1635 1443 1698 persuasum

328 1753 392 1819 est.
418 1750 519 1833 Quae
543 1774 625 1820 oum
650 1751 702 1819 ita
724 1749 813 1832 sint,
838 1771 904 1834 pro
929 1748 1103 1834 „potens”
1124 1746 1248 1815 malim
1271 1745 1443 1833 „ferens''.

329 1884 366 1954 Si
401 1885 438 1953 in
472 1886 543 1954 hac
576 1908 615 1953 re
650 1883 911 1953 auctoritatem
942 1882 1127 1970 sequimur
1158 1880 1306 1948 maioris
1331 1879 1445 1964 partis

327 2019 520 2102 librorum,
544 2022 628 2087 sunt
650 2017 906 2087 tantummodo
929 2016 1025 2083 duae
1048 2037 1123 2100 res,
1148 2033 1242 2102 quae
1267 2012 1445 2080 Troianos

328 2151 568 2236 perdiderint,
597 2149 724 2219 titulus
748 2151 784 2218 in
809 2170 903 2238 equo
927 2148 1060 2216 incisus
1085 2151 1122 2215 et
1146 2145 1277 2231 Sinon,
1302 2167 1445 2230 compo-

328 2284 418 2360 situs
461 2285 507 2352 ad
549 2282 649 2352 furta
689 2286 727 2351 et
761 2282 989 2351 mendacium
1026 2281 1064 2348 in
1099 2281 1271 2348 damnum
1305 2283 1445 2364 potens.

329 2417 452 2486 Facile
476 2417 637 2486 concedo
662 2418 757 2485 hene
781 2437 925 2505 quoque
949 2415 1144 2484 lectionem
1169 2414 1316 2501 probari
1340 2435 1445 2498 posse

329 2552 390 2619 sed
414 2551 514 2635 prior
536 2549 624 2618 mihi
648 2549 764 2636 magis
787 2550 919 2634 placet.

377 2685 562 2754 Hactenus
593 2707 692 2753 meas
716 2685 762 2752 ad
786 2684 998 2753 Petronium
1023 2683 1297 2753 observationes
1323 2682 1445 2770 aliquo

329 2819 424 2887 inter
452 2825 490 2887 se
522 2818 676 2887 connexi
701 2818 867 2900 vincu103
893 2839 936 2886 eo
963 2818 1108 2886 vinculo
1133 2817 1231 2905 quod
1254 2817 1334 2902 ipsa
1358 2815 1445 2883 mihi
1515 2797 1519 2802 ¹

329 2953 537 3039 fragmenta
570 2951 805 3037 praebebant.
837 2951 961 3035 Nunc,
993 2975 1038 3021 ne
1062 2951 1198 3020 diutius
1220 2972 1329 3039 quarn
1356 2972 1445 3035 opus

331 3091 386 3156 est
419 3087 583 3174 legentes
618 3090 764 3156 teneam
801 3109 846 3155 ex
884 3086 1182 3155 annotationibus
1214 3085 1303 3154 meis
1327 3085 1374 3152 ad
1398 3084 1446 3152 al-

330 3227 447 3318 teram
478 3222 684 3288 saturarum
708 3222 849 3304 partem
874 3241 1011 3303 paucas
1035 3218 1211 3306 quasdam
1236 3217 1329 3304 elegi
1353 3236 1447 3304 quae

330 3353 418 3421 mihi
443 3352 572 3422 ceteris
595 3353 784 3439 graviores
808 3351 1053 3439 certioresque
1079 3351 1298 3420 viderentur.
1323 3350 1447 3438 Atque

330 3486 396 3554 has
424 3485 524 3553 nullo
555 3484 698 3553 iunctas
725 3485 870 3553 vinculo
895 3485 955 3552 hio
978 3504 1198 3569 proponam3
1223 3507 1267 3552 ea
1289 3486 1447 3552 tantum·

332 3618 440 3686 modo
464 3617 709 3703 praemonebo
734 3638 828 3705 quae
852 3618 899 3686 ad
924 3618 1053 3703 verba,
1077 3617 1114 3685 in
1137 3617 1268 3705 quibus
1281 3616 1447 3704 quaestio

333 3754 508 3833 versatur,
532 3750 781 3838 intellegenda
803 3751 911 3835 plane
935 3751 1008 3820 sint
1031 3750 1246 3820 necessaria.
