3322 5290
895 427 936 492 12

353 628 439 742 quin
462 679 544 725 eum
570 656 692 725 comiti
719 679 785 725 suo
810 657 1006 740 concedat,
1030 655 1128 724 ultro
1153 655 1250 724 enim
1269 657 1473 741 profitetur,

352 811 390 858 se
421 812 502 859 oras
534 813 617 860 cum
647 789 877 859 habitatione
900 789 1013 858 alium
1036 789 1189 858 fratrem
1212 789 1282 858 sibi
1305 810 1473 875 prospec-

351 924 483 989 turum.
526 921 580 992 Ut
620 922 694 990 iam
732 944 842 1007 supra
877 920 1261 1006 commemoravimus,
1297 921 1472 1007 Ascyltus

351 1055 608 1124 discessionem
630 1055 667 1123 in
687 1058 875 1140 posterum
895 1053 991 1124 diem
1011 1054 1164 1123 dilatam
1177 1053 1330 1139 mavult,
1342 1053 1472 1123 Encol-

351 1188 431 1274 pius
473 1192 603 1258 oontra
641 1188 857 1258 divisionem
893 1211 1002 1274 quam
1038 1187 1227 1258 celerrime
1263 1187 1470 1256 confectam

350 1323 440 1391 vult.
487 1321 631 1392 Etenim
680 1323 846 1409 „tardum
890 1323 984 1408 est‚'’
1027 1323 1163 1408 inquit,
1207 1322 1338 1392 differe
1373 1324 1470 1409 quod

350 1455 506 1541 placet.'’
542 1454 643 1538 Quae
678 1457 809 1541 verba,
846 1457 875 1525 si
911 1456 997 1542 quid
1033 1457 1158 1541 video,
1193 1457 1247 1525 ita
1270 1459 1355 1525 sunt
1378 1456 1470 1523 acci·

349 1586 500 1676 pianda,
536 1593 577 1659 ut
613 1590 779 1676 „tardum
813 1590 890 1659 est”
921 1590 1017 1659 idem
1054 1591 1178 1658 valeat
1208 1593 1319 1675 atque
1352 1589 1469 1674 „tardi

351 1724 438 1794 est.”
462 1724 604 1793 Deinde
624 1725 717 1792 haec
744 1724 858 1793 verba
880 1728 1098 1810 sequuntur:
1115 1725 1320 1811 „hanctam
1332 1724 1468 1809 praeci·

350 1859 462 1944 pitcm
486 1857 702 1926 divisionem
725 1857 839 1926 libido
863 1856 1046 1925 faciebat”
1071 1880 1100 1926 e.
1115 1881 1146 1942 q.
1160 1880 1186 1926 s.
1208 1857 1306 1936 Mihi
1321 1857 1469 1958 quidem

350 2013 424 2060 non
447 1995 503 2062 est
525 1992 777 2078 perspicuum,
802 1991 1039 2077 quamobrem
1063 2014 1147 2060 oum
1166 1991 1468 2060 Buechelerofin-

350 2147 478 2212 gamus
508 2125 569 2194 hic
598 2125 769 2194 lacunam
801 2129 945 2211 extare,
976 2148 1062 2193 nam
1086 2126 1181 2194 ratio
1205 2126 1467 2194 sententiarum

350 2258 488 2343 optime
532 2258 708 2343 procedit.
756 2258 879 2328 Verba
923 2259 1076 2327 laudata
1118 2259 1392 2344 exemplificant
1431 2261 1469 2326 et

348 2392 543 2460 illustrant·
564 2394 821 2461 tantummodo
852 2393 1111 2478 praecedentia
1134 2396 1171 2461 et
1194 2392 1393 2477 Encolpius
1416 2392 1467 2460 eis

349 2525 555 2612 significare
587 2525 750 2612 videtur,
780 2549 883 2595 suum
913 2527 950 2594 in
975 2525 1147 2595 Gitonem
1171 2548 1334 2595 amorem
1356 2549 1466 2594 unam

349 2681 427 2728 esse
462 2681 609 2727 oausam
645 2658 881 2744 quamobrem
918 2659 1134 2745 quantocius
1165 2682 1203 2728 se
1234 2659 1281 2728 ab
1312 2658 1466 2744 Ascylto

349 2793 539 2879 seiungere
567 2792 667 2861 velit.
693 2793 748 2860 Ea
771 2793 826 2862 vis
850 2792 939 2860 mihi
962 2794 1079 2861 inesse
1103 2793 1250 2862 videtur
1271 2793 1308 2861 in
1332 2794 1466 2878 Imper-

348 2926 447 2996 fecto
481 2926 696 3013 „faciebat”
719 2927 945 2995 Divisionem
970 2949 1010 2994 re
1034 2948 1123 2994 vera
1147 2948 1224 2996 esse
1247 2926 1396 3011 factam,
1421 2949 1466 2995 ex

348 3061 523 3147 proximis
560 3060 678 3130 verbis
713 3064 883 3146 apparet,
919 3083 1140 3146 quamquam
1177 3083 1235 3129 res
1272 3082 1346 3129 non
1379 3060 1465 3145 ipsis

349 3194 468 3263 verbis
507 3198 563 3263 est
596 3194 768 3263 indicata.
805 3194 956 3262 Lacuna
989 3194 1103 3282 igitur
1136 3195 1196 3262 hic
1232 3195 1337 3264 adest
1370 3197 1466 3280 (post

348 3328 461 3396 verba
486 3328 686 3415 „rationem
708 3328 954 3417 reducerem')
979 3329 1040 3397 sed
1065 3309 1305 3416 nonmagna.

393 3461 589 3548 Encolpius
620 3461 792 3532 Gitonem
815 3462 949 3531 retinet
971 3465 1008 3530 et
1031 3473 1225 3548 postquam
1250 3484 1464 3548 quacunque

348 3597 393 3666 de
429 3619 541 3665 causa
575 3619 641 3681 per
674 3598 793 3664 totam
829 3595 954 3664 urbem
987 3594 1209 3678 ambulavit,
1233 3595 1270 3663 in
1295 3595 1464 3663 cellulam

347 3730 459 3811 redit,
495 3728 557 3797 ubi
589 3751 688 3797 nova
719 3729 934 3797 condicione
957 3728 1101 3796 fruitur.
1127 3727 1198 3796 Sed
1224 3750 1310 3797 ecce
1333 3729 1378 3796 de
1401 3728 1463 3796 irn-

346 3861 495 3947 proviso
528 3863 633 3931 adest
663 3860 856 3946 Ascyltus‚
889 3861 966 3946 qui,
998 3864 1040 3928 ut
1079 3864 1247 3946 apparet,
1283 3860 1465 3932 intellexit

347 4017 385 4062 so
407 3994 446 4062 in
470 3994 649 4063 divisione
673 3994 920 4062 communium
945 3993 1175 4061 fortunarum
1195 3993 1371 4061 minorem
1384 4015 1463 4078 par-

346 4129 422 4196 tem
445 4128 581 4197 tulisse.
