3322 5290
901 459 922 524 6

351 687 638 774 Agamemnonis
673 688 770 773 quod
805 709 914 772 supra
945 686 1038 771 dixi,
1071 708 1145 754 non
1177 685 1351 772 intellego
1376 708 1471 771 quae

351 843 463 891 causa
493 820 621 905 fuerit,
654 842 719 889 cur
742 819 989 889 Buechelerus
1013 818 1210 888 lectionem
1234 819 1409 888 traditam
1432 818 1470 886 in
1557 805 1565 810 “

351 977 458 1024 versu
501 953 656 1038 septimo
691 952 798 1022 huius
834 953 1004 1022 carminis
1038 954 1208 1020 mutaret.
1245 950 1398 1038 Legitur
1431 951 1469 1018 in

351 1085 536 1157 codicibus
562 1084 712 1172 „scena”
738 1085 835 1170 quod
858 1084 1072 1171 intellegere
1095 1084 1184 1152 mihi
1208 1085 1346 1170 videor,
1371 1084 1468 1170 quod

349 1221 446 1290 idem
470 1219 655 1288 affirmare
676 1240 750 1287 non
774 1239 922 1304 possum
934 1219 980 1287 de
1001 1217 1192 1305 „scenam”
1206 1216 1468 1286 aBuechelero

351 1353 548 1440 proposito.

395 1485 593 1571 Encolpius
614 1487 740 1554 noster
763 1484 957 1571 Ascyltum
980 1485 1144 1554 sodalem
1164 1506 1280 1569 suum,
1303 1483 1363 1569 qui
1386 1506 1469 1551 curn

352 1621 486 1692 Gitone
509 1619 641 1704 fratre,
666 1619 727 1705 qui
751 1619 903 1704 dicitur,
927 1618 1094 1703 Encolpii
1118 1617 1332 1703 aufugerat,
1352 1638 1469 1702 perse-

352 1755 413 1840 qui
435 1753 581 1839 incipit,
606 1753 669 1822 sed
692 1752 858 1821 locorum
880 1750 1029 1838 ignarus
1053 1754 1153 1820 errat
1172 1751 1234 1819 via
1253 1754 1291 1819 et
1310 1750 1468 1834 tandem,

351 1888 569 1956 necessitate
604 1885 830 1972 compulsus,
863 1884 941 1953 adit
971 1883 1154 1952 aniculam
1180 1883 1362 1969 quandam
1387 1905 1469 1950 oum

351 2020 486 2089 festiva
526 2020 591 2089 illa
631 2019 938 2106 interrogatione,
975 2040 1084 2104 quam
1119 2018 1179 2103 qui
1213 2018 1322 2104 legit,
1357 2017 1469 2086 risum

350 2157 475 2223 tenere
508 2175 582 2222 non
616 2155 754 2238 potest:
792 2154 947 2239 „mater,
983 2151 1157 2236 numquid
1194 2150 1264 2220 scis
1301 2149 1363 2219 ubi
1399 2170 1468 2236 ego

351 2286 538 2356 habitem?

398 2419 432 2488 A
466 2419 618 2488 muliere
651 2419 688 2486 in
723 2417 900 2487 fornicem
936 2417 1146 2502 deducitur,
1183 2417 1244 2486 ubi
1275 2416 1469 2502 Ascyltum

355 2525 610 2638 deprehendit,
657 2574 680 2619 a
724 2554 830 2636 patre
874 2550 1036 2618 familiae
1079 2550 1209 2619 eodem
1242 2549 1469 2635 perductum.

352 2686 526 2771 Ascyltus
561 2684 739 2770 Encolpio
776 2707 881 2754 casus
915 2705 999 2754 suos
1033 2686 1181 2752 enarrat
1204 2686 1242 2752 et
1266 2681 1469 2750 coniunctis

353 2817 491 2887 viribus
524 2817 676 2887 insidias
711 2817 779 2886 sibi
812 2819 961 2903 paratas
986 2816 1178 2903 effugiunt.
1204 2815 1298 2884 Tum
1322 2816 1471 2885 domurn

353 2973 391 3021 se
415 2951 613 3037 recipiunt,
638 2951 736 3036 quod
759 2951 881 3019 animo
904 2950 1115 3036 fingendum
1136 2952 1207 3034 est,
1224 2971 1311 3017 nam
1322 2951 1472 3034 propter

353 3084 504 3153 lacunas
528 3084 686 3170 aliquot,
710 3105 784 3152 non
804 3106 893 3153 sane
913 3106 1076 3169 magnas,
1092 3083 1256 3152 narratio
1266 3105 1335 3152 nos
1345 3082 1472 3177 deficit

354 3221 392 3287 et
424 3218 574 3287 ineunte
610 3218 730 3303 capite
765 3239 864 3286 nono
900 3220 974 3286 tres
1010 3217 1130 3286 socios
1165 3218 1263 3286 domi
1294 3216 1470 3286 videmus.

355 3351 492 3421 Gitona
514 3351 610 3421 enim
633 3351 672 3420 in
691 3351 875 3436 crepidine
888 3351 1039 3420 semitae
1052 3354 1210 3421 stantem
1223 3354 1470 3437 reppererunt.

398 3485 482 3553 Huc
518 3507 631 3571 usque
661 3485 825 3554 narratio
856 3489 956 3554 recte
979 3486 1163 3571 procedit,
1188 3487 1250 3555 sed
1275 3489 1470 3571 antequam

354 3616 556 3703 pergimuS,
592 3617 769 3686 nonnulla
803 3620 888 3686 sunt
922 3617 1100 3687 addenda.
1137 3618 1179 3686 In
1215 3618 1335 3703 capite
1366 3622 1471 3687 sexto

355 3749 442 3817 mihi
478 3772 552 3818 non
586 3751 735 3836 placent
763 3750 894 3819 verba:
928 3773 1017 3837 „nec
1048 3751 1145 3838 quod
1167 3751 1353 3820 stabulum
1377 3754 1473 3820 esset

355 3891 547 3963 sciebam.''
580 3892 674 3974 Quid
703 3893 823 3962 enim?
848 3893 984 3962 Itinere
1008 3893 1194 3986 deerravit
1212 3893 1410 3979 Encolpius
1436 3896 1473 3962 et

355 4026 481 4111 nescit,
513 4026 575 4095 ubi
606 4027 857 4096 deversorium
884 4049 987 4095 suum
1021 4027 1077 4096 sit.
1112 4027 1229 4109 Quam
1253 4028 1472 4096 sententiam

357 4180 402 4226 ex
423 4158 542 4228 verbis
567 4159 690 4228 citatis
711 4159 843 4229 aficere
859 4182 933 4229 non
944 4181 1102 4246 possum.
1116 4161 1159 4228 ln
1171 4160 1338 4245 proximo
1353 4161 1474 4245 capite
