3322 5290
579 1239 880 1344 Parumne.

216 1664 379 1734 Petronii
413 1667 557 1734 saturas
592 1663 653 1750 qui
689 1664 808 1733 obiter
840 1663 1097 1732 tantummodo
1132 1662 1291 1748 inspexit

170 1798 280 1868 facile
303 1799 383 1868 fieri
405 1802 528 1884 potest
551 1800 594 1867 ut
616 1820 692 1867 rem
713 1797 781 1866 sibi
801 1820 878 1867 esse
900 1797 1026 1866 eredat
1046 1819 1130 1865 oum
1148 1796 1290 1865 laciniis

171 1932 348 2016 disiectis,
392 1954 485 2017 quae
527 1932 629 2001 nullo
670 1931 766 2000 inter
800 1953 840 2000 se
875 1931 1098 2000 cohaereant
1131 1929 1289 1998 vinculo.

171 2057 302 2152 Atque
328 2049 365 2132 iu
399 2065 496 2133 hano
526 2064 746 2134 sententiam
769 2062 882 2150 vulgo
906 2065 951 2132 de
975 2063 1019 2133 iis
1042 2063 1290 2148 scribuntqui

169 2199 360 2267 literarum
381 2198 598 2266 Latinarum
616 2198 808 2267 historiam
831 2199 992 2266 tradunt.
1018 2196 1119 2279 Quae
1138 2219 1211 2281 res,
1231 2218 1290 2264 me

171 2330 315 2416 quidem
345 2331 483 2416 iudice,
516 2332 614 2400 haud
644 2332 777 2400 leviter
802 2331 930 2401 nocuit
952 2331 1121 2418 scriptori
1144 2334 1288 2416 nostro,

171 2464 230 2533 vel
259 2465 382 2550 potius
412 2464 600 2553 prohibuit
630 2465 822 2552 quominus
846 2464 880 2534 ei
905 2488 1015 2551 quam
1039 2464 1185 2551 plurimi
1208 2485 1290 2550 pro-

170 2598 315 2666 dessent
344 2597 532 2684 philologi.
565 2597 774 2667 Mirandum
805 2599 901 2668 enim
925 2621 999 2667 non
1023 2601 1079 2667 est
1102 2621 1202 2683 eum,
1228 2597 1287 2684 qui

169 2731 265 2798 hanc
281 2730 348 2799 sibi
362 2731 407 2798 de
419 2729 580 2815 reliquiis
593 2730 822 2800 Petronianis
834 2731 1050 2800 informavit
1062 2730 1288 2816 opinionem,

170 2884 253 2930 eum
283 2863 418 2947 raptim
449 2884 511 2931 eas
542 2863 762 2948 pervolvens
793 2862 830 2930 in
853 2862 976 2932 looum
999 2863 1156 2947 ineidat,
1178 2885 1287 2948 quem

169 3017 298 3080 parum
316 2994 527 3081 intellegat,
548 2997 593 3064 de
614 3017 658 3065 eo
678 2995 738 3065 vel
757 2995 974 3065 illustrando
987 2996 1046 3064 vel
1060 2994 1288 3064 emendando

169 3127 264 3197 iusto
297 3128 404 3197 eitius
435 3129 638 3214 desperare.
670 3130 723 3198 At
753 3129 843 3197 mihi
865 3130 927 3215 qui
951 3129 1144 3215 aliquoties
1167 3131 1287 3197 totum

168 3260 300 3329 librum
320 3262 539 3348 perlegerim
559 3265 596 3332 et
615 3285 699 3331 oum
719 3262 926 3348 pulvisculo
947 3261 1168 3331 excusserim
1189 3301 1229 3308 —
1252 3262 1289 3329 et

169 3393 289 3463 fateor
320 3417 379 3464 me
410 3395 500 3463 mire
525 3396 749 3464 delectatum
773 3419 851 3466 esse
875 3397 1070 3482 scriptore,
1095 3398 1136 3464 ut
1158 3417 1288 3480 parum

169 3531 272 3596 casto
301 3527 356 3596 ita
385 3528 609 3597 facetissimo
633 3569 677 3576 -
700 3528 737 3598 in
761 3528 838 3598 dies
863 3529 997 3598 certior
1020 3532 1110 3597 nata
1132 3531 1188 3597 est
1211 3550 1288 3597 sen·

167 3659 286 3728 tentia
315 3660 545 3730 narrationes
569 3662 658 3730 mihi
681 3663 849 3747 praeberi
871 3684 945 3731 non
967 3662 1022 3730 ita
1045 3662 1175 3731 misere
1198 3662 1287 3731 dila-

168 3793 297 3863 niates.
339 3795 509 3864 Concedo
545 3818 654 3881 saepe
688 3797 807 3881 rumpi
842 3796 1046 3881 vinculum,
1081 3797 1287 3883 multasque

169 3929 295 4011 patere
324 3928 453 4012 rimas;
485 3929 549 3998 sed
579 3929 689 4015 longe
711 3928 875 4014 pluribus
898 3929 989 3998 loeis
1012 3930 1113 3998 nullo
1136 3929 1286 4015 negotio

167 4060 236 4144 ipsi
277 4083 414 4130 novum
457 4062 606 4148 aliquod
643 4061 830 4131 vinculum
866 4066 1062 4132 annectere
1095 4084 1287 4149 possumus

169 4192 367 4278 rimasque,
411 4216 504 4279 quae
544 4195 758 4280 plerumque
800 4217 873 4264 non
906 4196 961 4264 ita
994 4219 1151 4282 magnae
1186 4199 1286 4281 sunt,

1166 4317 1176 4363 1
