3322 5290
933 465 974 531 16

388 693 442 762 ita
487 693 575 780 sint,
621 693 744 763 nescio
788 715 835 762 an
868 694 981 764 verba
1023 695 1185 764 Petronii
1227 696 1319 765 haec
1353 696 1514 766 fuerint:

391 850 567 917 „persona
591 828 781 898 vendentis
805 827 1050 913 contempta.’'
1076 827 1178 909 Quae
1202 828 1315 897 verba
1338 829 1392 898 ita
1415 830 1513 898 aeci-

388 963 522 1050 pienda
552 983 701 1048 censae,
733 965 775 1030 ut
801 984 876 1031 vox
900 984 993 1048 quae
1017 964 1073 1030 est
1097 962 1296 1049 „persona”
1319 962 1417 1032 idem
1439 964 1512 1050 sig·

389 1097 514 1166 nificet
549 1099 659 1182 atque
695 1095 861 1182 „partes”
892 1099 930 1165 et
962 1096 1238 1183 „contemnere”
1261 1096 1357 1166 idem
1383 1097 1512 1166 valeat

389 1231 487 1317 quod
516 1229 695 1317 „reicere”
718 1231 796 1299 sive
821 1229 1044 1317 „omittere''.
1065 1230 1240 1316 Ascyltus
1262 1230 1376 1318 igitur
1399 1253 1510 1316 quem

389 1385 478 1432 cura
511 1363 689 1449 pecuniae
721 1363 760 1432 in
796 1367 924 1432 sutura
954 1363 1124 1433 conditae
1156 1367 1333 1450 occupat,
1364 1364 1510 1433 desistit

389 1519 454 1582 pro
491 1496 682 1566 venditore
717 1519 836 1592 agere.
873 1495 910 1565 Si
939 1497 1035 1566 hanc
1059 1497 1414 1584 argumentationem
1439 1519 1507 1582 pro

388 1653 477 1698 vera
490 1629 699 1716 accipimus,
712 1633 798 1699 ante
813 1630 1047 1717 „personam”
1060 1631 1216 1700 delenda
1228 1634 1284 1700 est
1295 1630 1507 1700 coniunctio

390 1764 480 1851 „et'’‚
516 1786 610 1850 quae
640 1786 705 1850 per
728 1764 1016 1851 dittographiam
1040 1786 1086 1832 ex
1109 1764 1344 1850 praecedenti
1371 1763 1506 1850 „vidit”

389 1897 567 1984 originem
589 1897 735 1965 trahere
759 1897 889 1983 potuit.

431 2031 629 2116 Encolpius
654 2034 778 2100 censet
801 2031 866 2100 lite
889 2053 968 2101 esse
991 2032 1194 2118 agendum,
1220 2030 1395 2117 Ascyltus
1417 2052 1504 2098 vero

388 2165 524 2234 iudicia
541 2165 672 2234 timens
685 2166 829 2233 mavult
838 2165 1001 2234 tunicam
1013 2165 1197 2251 praesenti
1209 2164 1365 2251 pecunia
1380 2186 1504 2233 emere

388 2299 450 2367 sed
482 2299 664 2367 sociorum
690 2300 877 2385 „sacculus
900 2300 1028 2384 plenus
1051 2302 1106 2368 est
1126 2299 1377 2368 aranearum.’'
1402 2298 1504 2374 Quod

387 2432 491 2501 nobis
518 2432 574 2501 his
599 2431 718 2501 verbis
742 2435 929 2500 narratur:
956 2432 1040 2519 „sed
1063 2435 1210 2518 praeter
1232 2455 1344 2501 unum
1368 2433 1503 2518 dupon-

388 2565 504 2651 dium,
537 2587 608 2651 quo
639 2565 735 2634 cicer
757 2565 973 2652 lupinosque
995 2565 1308 2635 destinaveramus
1332 2567 1502 2650 mercari,

387 2699 477 2768 nihil
510 2700 557 2768 ad
588 2721 738 2768 manum
769 2701 858 2768 erat.
889 2699 1015 2785 itaque
1037 2722 1083 2768 ne
1107 2699 1252 2768 interim
1275 2699 1414 2785 praeda
1436 2699 1503 2768 dis·

388 2836 551 2919 cederet,
598 2835 656 2903 vel
702 2833 852 2902 minoris
894 2833 1046 2918 pallium
1088 2833 1258 2904 addicere
1292 2833 1432 2924 placuit
1466 2837 1502 2900 ct

386 2969 543 3054 pretium
566 2968 714 3036 maioris
739 2967 944 3053 compendii
967 2967 1144 3036 leviorem
1166 2965 1501 3036 faeereiacturam''

388 3124 417 3170 e.
443 3125 474 3188 q.
499 3125 525 3170 s.
562 3101 605 3169 In
641 3101 770 3186 quibus
806 3100 926 3170 verbis
957 3101 1082 3171 insunt
1112 3101 1291 3186 quaedam
1323 3101 1435 3187 digna
1457 3101 1501 3169 de

387 3233 516 3320 quibus
539 3234 654 3303 fusius
674 3233 890 3319 disputetur.
914 3234 1075 3302 Primum
1100 3231 1500 3302 deordineverborum.

386 3367 486 3438 Libri
505 3368 726 3437 vocabulum
741 3367 908 3454 „itaque”
919 3369 1003 3452 post
1017 3366 1261 3453 „discederet”
1275 3365 1502 3435 collocarunt

386 3525 503 3588 neque
532 3502 639 3569 video
663 3523 775 3586 quare
798 3501 863 3569 illa
886 3523 959 3570 vox
982 3523 1056 3569 non
1079 3523 1184 3569 suum
1207 3498 1365 3568 retinere
1388 3497 1502 3583 possit

385 3637 518 3720 locum,
544 3635 743 3704 dummodo
769 3635 969 3704 sententias
993 3637 1094 3702 recte
1119 3632 1396 3718 distinguamus.
1419 3631 1500 3700 Hoc

386 3769 495 3838 modo
527 3769 622 3838 enim
647 3768 760 3838 verba
782 3768 933 3854 iungere
958 3768 1085 3836 velim:
1112 3767 1195 3853 „sed
1219 3769 1366 3851 praeter
1389 3788 1498 3834 unum

385 3903 627 3989 dupondium,
675 3925 746 3988 quo
794 3902 890 3970 cicer
935 3900 1150 3986 lupinosque
1188 3898 1499 3968 destinaveramus

385 4035 554 4120 mercari,
589 4034 681 4103 nihil
715 4035 762 4104 ad
797 4056 944 4102 manum
981 4036 1078 4118 erat,
1113 4055 1159 4101 ne
1189 4030 1335 4101 interim
1367 4031 1500 4116 praeda

384 4167 596 4236 discederet.
629 4167 759 4252 Itaque
786 4167 846 4234 vel
877 4165 1047 4234 minoris”
1073 4187 1102 4233 e.
1128 4189 1159 4250 q.
1185 4187 1211 4232 s.
1237 4161 1496 4245 Quivis-enim,
