3322 5290
691 459 734 526 45

158 692 237 756 tum
265 688 517 758 similitudinis
553 689 665 758 habet
700 711 781 757 oum
818 688 869 757 eis
905 687 1040 772 verbm,
1077 687 1275 773 dequibus

153 838 255 890 'nuno
298 822 523 908 disserimuS,
570 826 611 891 ut
657 823 787 910 dignus
826 823 890 907 sit,
926 845 1032 908 quem
1068 821 1275 890 accuratius

157 955 402 1041 inspiciamus.
449 956 492 1024 ln
538 956 770 1043 paragrapho
817 955 1098 1044 quadragesima
1144 958 1276 1044 quarta

157 1089 265 1158 huius
300 1089 476 1158 orationis
511 1089 639 1159 Cicero
671 1090 873 1159 Antonium
898 1088 1097 1177 alloquitur
1118 1089 1175 1158 his
1198 1111 1275 1156 ver·

157 1223 227 1291 bis:
274 1221 488 1309 „Sumpsisti
536 1223 693 1309 virilem,
741 1243 851 1312 quam
896 1221 1019 1291 statim
1063 1220 1276 1290 muliebrem

157 1359 286 1442 togam
304 1356 503 1425 reddidisti.
526 1357 648 1426 Primo
671 1357 822 1444 vulgare
839 1360 1017 1438 scortum;
1032 1359 1133 1424 certa
1144 1355 1276 1442 flagitii

158 1510 297 1558 meroes
328 1511 396 1571 neo
428 1511 472 1557 ea
495 1503 625 1575 parva;
652 1491 715 1559 sed
740 1491 814 1560 oito
839 1489 949 1560 Curio
972 1489 1188 1576 intervenit,
1214 1489 1275 1579 qui

158 1627 196 1692 te
220 1646 242 1690 a
265 1621 471 1692 meretricio
496 1626 652 1712 quaestu
674 1623 721 1692 ab
745 1623 852 1692 duxit
874 1627 912 1692 et
936 1626 1125 1711 tamquam
1143 1621 1275 1692 stolam

159 1757 328 1841 dedisset,
340 1756 378 1825 in
391 1758 624 1827 matrimonio
637 1757 759 1826 stabili
773 1761 811 1826 et
823 1761 924 1826 certo
938 1755 1180 1826 conlocavit.''
1193 1755 1275 1825 Cre·

159 1891 206 1960 dc
219 1890 348 1959 inutile
361 1890 458 1975 iore,
472 1895 666 1976 postquam
677 1891 770 1960 haeo
778 1891 892 1959 verba
904 1890 1145 1960 Ciceroniana
1155 1889 1275 1978 legen·

158 2023 255 2093 tibus
278 2025 316 2092 in
336 2024 548 2093 memoriam
568 2025 753 2112 revocavi,
775 2047 836 2094 eos
854 2025 991 2093 diutius
1003 2024 1185 2092 demorari
1197 2024 1275 2092 illu·

158 2157 309 2226 stranda
328 2157 520 2241 sententia,
536 2157 573 2226 in
586 2180 694 2243 quam
708 2158 822 2226 verba
834 2158 1010 2243 disposita
1022 2180 1129 2244 quem
1143 2158 1189 2226 ad
1202 2178 1275 2226 mo-

159 2292 244 2360 dum
268 2312 350 2360 meo
374 2290 510 2363 iudicio
534 2291 760 2377 disponenda
782 2295 876 2376 sunt,
902 2294 1055 2376 accepta
1074 2291 1195 2360 velim.
1216 2289 1274 2358 Ad

159 2403 313 2493 alteram
336 2424 449 2511 igitur
468 2424 745 2510 progrediamur
768 2425 1019 2510 quaestionem
1043 2423 1275 2494 Vocabulum

161 2557 448 2646 „conturbavit'',
467 2557 527 2625 hic
547 2558 643 2626 nude
663 2557 741 2626 sive
753 2557 984 2627 intransitive
996 2557 1166 2642 positum,
1178 2557 1275 2626 idem

159 2691 234 2760 fere
255 2691 356 2760 valet
375 2694 484 2775 atque
506 2690 657 2759 verbum
677 2690 903 2775 decoquendi
924 2697 961 2759 et
979 2690 1088 2758 facile
1102 2691 1274 2777 concede,

159 2823 237 2892 fieri
260 2844 377 2909 posse,
403 2824 444 2890 ut
462 2822 534 2890 hoo
554 2823 706 2892 verbum
726 2845 853 2892 sanum
874 2823 929 2892 sit.
952 2820 1024 2891 Sed
1038 2833 1274 2909 cumreput0,

159 2959 301 3026 nostros
332 2955 496 3024 homines
526 2956 563 3023 in
585 2955 734 3042 flagitiis
758 2957 831 3025 suis
851 2956 1105 3025 enumerandis
1128 2956 1275 3025 minime

160 3112 267 3175 saepe
298 3089 464 3157 facinora
494 3090 540 3157 ad
564 3112 641 3158 rem
664 3090 913 3176 pecuniariam
937 3089 1157 3175 pertinentia
1181 3111 1275 3159 com-

159 3244 378 3308 memorare,
415 3222 512 3307 quod
542 3223 660 3292 maius
691 3227 760 3308 est,
784 3224 899 3310 furta,
922 3223 1119 3292 latrocinia
1142 3225 1180 3292 et
1202 3223 1276 3291 alia

160 3355 336 3424 eiusmodi
358 3355 394 3422 in
420 3355 597 3424 virtutum
620 3377 771 3424 numero
791 3356 944 3441 habere,
964 3355 1055 3425 levis
1067 3355 1155 3423 mihi
1169 3355 1275 3424 alfer-

159 3490 218 3555 tur
241 3485 438 3565 dubitati0,
459 3510 505 3556 an
522 3491 684 3573 praestet
703 3487 755 3555 illi
777 3488 858 3556 voci
874 3487 1151 3575 „conturbavit”
1164 3487 1275 3555 aliam

160 3619 397 3703 substituere,
422 3642 515 3706 quae
539 3619 684 3705 quidem
708 3641 781 3688 non
801 3641 938 3687 novum
958 3620 1075 3688 scelus
1095 3619 1275 3705 prioribus

160 3754 288 3839 addat,
314 3754 377 3822 scd
401 3753 670 3839 quodammodo
695 3753 882 3821 vinculum
905 3752 969 3838 sit,
995 3774 1066 3838 quo
1092 3757 1275 3840 „ergastu-

159 3886 255 3956 lum”
289 3886 328 3954 in
362 3886 432 3972 cio,
468 3908 561 3971 quae
595 3885 820 3971 praecedunt
851 3890 888 3954 et
920 3885 1058 3972 „solum
1082 3885 1215 3954 vortit''
1238 3886 1275 3953 in

161 4021 225 4096 eis,
247 4043 340 4106 quae
361 4025 571 4106 sequuntur,
590 4020 688 4087 inter
707 4040 745 4086 se
762 4021 1011 4087 ooneotantur.
1025 4018 1121 4087 Volo
1135 4040 1274 4103 vocem,

162 4175 253 4238 quae
277 4156 333 4222 est
353 4151 663 4240 „commigravit’'.
685 4151 768 4220 Non
787 4152 863 4220 sine
885 4151 1106 4220 verecundia
1118 4151 1276 4236 quadam
