3322 5290
914 433 958 500 48

373 683 478 730 suum
513 662 617 730 redit.
653 661 723 731 Hie
758 663 849 732 ordo
879 663 1028 732 fabulae
1058 664 1188 734 misere
1219 665 1489 750 intermittitur,

372 816 458 862 nam
492 794 821 880 poematium-satis
856 796 1016 882 lepidum
1052 797 1197 882 quidem
1233 801 1270 866 et
1303 799 1493 885 eleganter

373 928 567 1014 seriptum,
602 930 666 998 sed
701 929 858 998 alienum
892 953 915 998 a
944 931 1087 1000 ratione
1115 931 1491 1019 sententiarum-quod

374 1062 441 1131 sub
464 1064 573 1132 finem
598 1063 728 1148 capitis
753 1063 902 1132 alterius
927 1066 965 1132 et
988 1064 1204 1151 octogesimi
1222 1065 1388 1151 legimus,
1400 1065 1489 1134 nihil

374 1195 485 1265 affert
509 1196 605 1281 quod
629 1196 733 1267 nobis
758 1197 838 1266 usui
862 1218 939 1265 esse
961 1196 1077 1281 possit
1095 1197 1142 1266 arl
1162 1197 1326 1268 ordinem
1339 1197 1490 1267 narrati·

374 1329 452 1398 onis
477 1329 776 1415 perspiciendum.
801 1329 850 1397 Et
872 1351 992 1415 pauca
1016 1329 1145 1416 verba,
1166 1351 1259 1415 quac
1275 1330 1312 1399 in
1325 1333 1489 1400 extremo

374 1462 494 1549 capite
518 1464 691 1549 leguntur
712 1484 786 1531 non
809 1465 953 1531 tantum
977 1463 1069 1532 lucis
1092 1463 1271 1547 afferunt,
1292 1467 1334 1532 ut
1353 1463 1490 1548 aliquid

374 1596 465 1665 certi
489 1596 573 1665 inde
597 1596 822 1683 colligamus.

418 1729 529 1798 lnitio
542 1729 673 1814 eapitis
685 1728 901 1816 octogesimi
912 1729 1012 1798 tertii
1025 1730 1205 1815 audimus
1218 1729 1435 1815 Encolpium
1449 1769 1488 1780 -—

373 1863 528 1933 solilicet
556 1867 599 1932 ut
621 1863 782 1932 animum
807 1863 1030 1950 gravissimis
1055 1864 1150 1932 curis
1176 1867 1347 1933 onustum
1370 1865 1490 1934 remit·

373 2001 430 2066 tat
452 2039 496 2046 -
518 1998 556 2066 in
579 1998 860 2083 pinacothecam
883 1999 1073 2083 pervenire
1099 1999 1223 2085 „vario
1243 1998 1490 2086 generetabu-

364 2131 491 2202 ,larum
526 2132 763 2201 mirabilem.”
797 2131 855 2199 Ex
886 2131 1188 2218 cogitationibuS,
1221 2155 1310 2218 quas
1341 2132 1490 2201 tabulae

374 2270 594 2352 conspectae
617 2266 650 2334 ei
675 2266 927 2352 suppeditant,
952 2266 1057 2335 nobis
1077 2269 1247 2352 apparet,
1273 2288 1356 2335 eum
1373 2288 1490 2350 neque

373 2398 586 2468 deliciarum
618 2422 765 2468 suarum
794 2399 948 2468 oblitum
973 2422 1050 2468 esse
1074 2422 1191 2484 neque
1215 2399 1339 2468 odium
1362 2399 1398 2467 in
1425 2398 1490 2467 As·

374 2533 513 2620 cyltum
546 2534 746 2602 evanuisse.
771 2533 869 2601 Dum
892 2533 1010 2601 multa
1033 2555 1156 2602 secum
1180 2532 1302 2601 animo
1327 2532 1490 2615 volutat,

373 2667 488 2735 intrat
512 2667 605 2737 alius
630 2667 763 2736 artium
784 2667 990 2736 liberalium
1015 2667 1199 2736 studiosus
1222 2666 1280 2734 cui
1301 2665 1491 2752 continget

373 2806 415 2870 ut
450 2824 602 2889 magnas
635 2801 674 2869 in
708 2823 818 2886 opere
853 2804 978 2870 nostro
1013 2806 1102 2887 agat
1134 2803 1257 2886 partes
1288 2820 1404 2883 neque
1429 2819 1491 2866 eas

373 2937 546 3023 ingratas.
585 2934 656 3004 Sed
689 2934 779 3003 nihil
815 2933 1001 3003 efficacius
1037 2933 1190 3002 aestimo
1225 2932 1271 3000 ad
1306 2930 1490 3000 hominem

373 3069 477 3139 nobis
502 3068 829 3138 commendandum
854 3091 961 3154 quam
983 3068 1099 3153 ipsum
1121 3065 1333 3135 Petronium
1344 3086 1491 3134 narran-

373 3207 448 3272 tem
471 3202 661 3286 inducere,
686 3202 747 3287 qui
770 3201 966 3288 imaginem
991 3201 1067 3270 eius
1087 3201 1153 3270 tali
1169 3195 1336 3268 oratione
1349 3219 1491 3283 expres·

373 3336 420 3404 sit
458 3338 500 3403 ut
541 3335 656 3403 oeulis
700 3357 781 3403 eum
818 3357 966 3403 cernere
1000 3333 1104 3403 nobis
1139 3333 1338 3403 videamur.
1375 3329 1491 3417 „Ecce

374 3471 515 3552 autem,
542 3489 611 3554 ego
636 3468 720 3536 dum
743 3490 826 3536 cum
848 3467 967 3537 ventis
978 3467 1101 3554 litigo,
1115 3466 1268 3534 intravit
1279 3464 1491 3551 pinacothe-

374 3624 455 3670 eam
479 3623 590 3670 senex
615 3624 728 3670 canus
752 3600 919 3689 (fortasse
940 3601 1091 3685 calvus),
1113 3596 1304 3668 exercitati
1317 3596 1442 3665 vultus
1455 3598 1492 3663 et

373 3733 432 3818 qui
469 3733 655 3802 videretur
689 3734 811 3802 nescio
847 3733 933 3819 quid
964 3755 1138 3819 magnum
1172 3730 1405 3817 promittere,
1428 3729 1491 3798 sed

372 3864 473 3933 cultu
499 3886 571 3933 non
595 3866 748 3950 proinde
772 3866 975 3952 speciosus,
999 3868 1042 3934 ut
1060 3864 1169 3932 facile
1193 3867 1388 3950 appareret
1408 3886 1491 3932 eum

372 4021 418 4066 ex
440 3998 512 4066 hac
535 4001 625 4066 nota
647 3999 852 4068 litteratum
877 4021 964 4082 esse,
983 4019 1074 4083 quos
1086 3997 1204 4067 odisse
1218 3997 1349 4066 divites
1362 3996 1490 4066 solent.

371 4132 401 4200 is
426 4153 513 4217 ergo
541 4132 586 4200 ad
612 4131 709 4199 latus
733 4131 899 4199 constitit
922 4153 1042 4198 meum
1070 4131 1200 4217 „eg0‚''
1221 4130 1339 4216 inquit
1360 4133 1498 4217 „poeta
