3322 5290
866 392 888 458 8

313 624 383 692 dae
410 625 495 694 sunt
518 626 556 691 et
578 622 792 708 Encolpius,
817 620 1066 707 praesagiens,
1092 618 1178 704 quid
1201 617 1266 686 illa
1289 617 1434 703 Ascylti

312 754 402 840 iuga
425 777 508 824 cum
528 753 663 824 Gitone
690 753 818 836 vellet,
838 773 912 822 non
931 752 1009 821 sine
1027 773 1139 820 causa
1151 751 1242 820 duos
1255 750 1434 838 fugitivos

312 890 524 973 persecutus
558 890 614 957 cst
648 890 712 956 aut
747 887 836 955 satis
870 884 994 971 ampla
1028 887 1084 953 est
1124 884 1278 967 lacuna,
1322 905 1432 968 quam

311 1019 560 1104 Buechelerus
594 1018 733 1090 statuit.
770 1018 892 1087 Etiam
929 1017 1058 1101 verba,
1094 1015 1224 1102 quibus
1259 1014 1372 1085 Giton
1395 1015 1434 1083 in

312 1154 460 1240 querela
482 1153 617 1238 utitur,
640 1131 708 1221 nos
728 1154 866 1238 cogunt
891 1172 1086 1236 parumper
1106 1149 1312 1219 subsistere.
1338 1146 1432 1230 Quid

311 1286 407 1356 enim
441 1285 554 1355 dicit?
591 1285 711 1372 „Tuus
745 1284 815 1354 iste
850 1283 966 1352 frater
1000 1304 1063 1352 seu
1099 1280 1244 1350 comes”
1281 1303 1309 1350 e.
1336 1304 1367 1365 q.
1392 1302 1430 1364 s,

310 1420 505 1506 Ascyltum
528 1419 749 1506 significans.

355 1552 456 1636 Quae
491 1554 547 1621 est
580 1552 636 1620 vis
673 1551 776 1620 verbi
799 1575 831 1637 q.
857 1574 885 1620 e.
910 1549 1093 1637 „fratcr’'?
1117 1547 1258 1618 Suntne
1280 1571 1320 1616 re
1344 1570 1431 1617 vera

309 1686 506 1772 Encolpius
546 1689 584 1754 et
621 1684 795 1772 Ascyltus
826 1684 940 1754 isdem
968 1683 1180 1768 parentibus
1212 1683 1285 1752 orti
1314 1704 1374 1754 an.
1392 1682 1430 1750 in

309 1818 444 1886 malam
478 1821 621 1904 partem
657 1840 731 1887 vox
763 1817 977 1903 accipienda
1007 1819 1079 1901 est,
1103 1817 1157 1885 ita
1179 1819 1222 1884 ut
1243 1815 1340 1884 inter
1362 1815 1429 1883 En-

309 1951 469 2036 colpium
499 1954 537 2020 et
562 1951 755 2037 Ascyltum
781 1951 910 2020 cadem
933 1953 1044 2018 antea
1067 1949 1180 2018 fucrit
1203 1950 1429 2019 consuetudo

309 2087 419 2171 atque
449 2107 547 2153 nuno
573 2086 669 2154 inter
692 2085 909 2169 Encolpium
934 2087 1044 2170 atque
1068 2082 1206 2153 Gitona
1230 2083 1309 2153 est?
1333 2083 1430 2152 Illud

307 2239 382 2286 non
424 2220 479 2288 est
513 2216 710 2286 verisimile
743 2220 939 2302 propterca
973 2216 1070 2303 quod
1104 2217 1142 2284 in
1173 2216 1294 2287 satiris
1329 2216 1430 2285 nulla
1497 2232 1503 2240 '

308 2351 382 2419 alia
406 2354 552 2420 exstant
573 2351 710 2419 indicia
733 2349 840 2419 huius
862 2349 1202 2436 consanguinitatis,
1226 2349 1298 2418 hoo
1317 2349 1429 2435 ipsius

307 2483 451 2569 Ascylti
493 2483 613 2553 verbis
656 2482 808 2553 subinde
851 2482 1095 2568 sequentibus,
1139 2483 1185 2552 dc
1220 2483 1323 2553 ouius
1357 2484 1430 2552 fide

275 2644 276 2647 ¹
307 2617 456 2686 minime
499 2616 740 2686 dubitandum
785 2619 856 2701 est,
900 2615 1151 2685 confirmatur.
1189 2617 1288 2686 Dicit
1333 2618 1429 2687 enim

309 2749 432 2835 „cuius
476 2749 604 2818 eadem
639 2748 783 2817 ratione
816 2749 854 2816 in
889 2749 1064 2818 viridario
1099 2750 1321 2836 frater‘fui,
1358 2774 1430 2837 qua

306 2904 403 2950 nunc
436 2881 474 2949 in
509 2881 719 2951 deversorio
749 2905 846 2968 puer
878 2882 967 2952 est.''
992 2883 1235 2952 Statuendum
1260 2904 1349 2970 ergo
1373 2886 1429 2952 est

306 3015 457 3084 fratrem
493 3015 554 3083 hio
588 3015 684 3084 idem
714 3017 844 3084 valere
876 3017 987 3100 utque
1015 3037 1168 3099 puerum
1192 3013 1426 3100 Catamitum.

306 3149 386 3231 Quo
411 3149 611 3218 constituto
637 3149 710 3218 alia
733 3149 899 3220 oboiitur
923 3148 1101 3219 molestia.
1126 3146 1218 3230 Quid
1244 3149 1340 3217 enim
1361 3150 1428 3219 sibi

306 3282 436 3351 volunt
467 3281 533 3349 illa
564 3281 679 3350 verba
702 3281 830 3351 addita
855 3304 939 3370 „seu
963 3281 1133 3351 comes”?
1158 3281 1306 3368 Comes,
1331 3284 1427 3368 quod

305 3415 435 3499 sciam,
456 3437 656 3500 numquam
675 3414 712 3482 in
733 3414 931 3484 obscenum
952 3438 1094 3486 sensum
1109 3416 1305 3490 adhibetur
1317 3420 1427 3503 atquc

304 3550 500 3632 propterca
520 3549 618 3634 quod
640 3547 797 3636 „frater”
818 3551 856 3618 et
869 3548 1034 3636 „comes”
1048 3549 1306 3620 coniunctione
1320 3550 1427 3637 „seu”

305 3681 587 3769 coniunguntur,
612 3683 769 3752 candem
793 3683 871 3753 fere
897 3683 971 3752 vim
1000 3684 1135 3753 habere
1154 3685 1298 3754 debent.
1318 3685 1426 3756 Piae·

215 3859 217 3864 -
303 3817 407 3883 terea
429 3815 520 3883 nihil
544 3818 600 3885 est
623 3815 714 3886 illud
739 3838 824 3903 „seu
848 3818 991 3887 comcs''
1015 3818 1113 3887 aliud
1135 3818 1426 3888 nisiieiunumet

304 3947 479 4017 insulsum
514 3949 823 4035 additamentum,
860 3951 1006 4020 omnino
1042 3950 1202 4020 alienum
1239 3975 1261 4020 a
1294 3973 1426 4040 genere

307 4080 449 4149 dicendi
474 4081 706 4151 Petroniano.
732 4082 834 4164 Quae
858 4106 941 4152 cum
964 4084 1017 4152 ita
1040 4085 1129 4171 sint,
1153 4085 1244 4154 nihil
1263 4090 1428 4172 superest
