3322 5290
896 434 919 501 l

346 665 400 733 ita
430 665 550 751 pergit
575 665 756 747 „nondum
779 665 930 734 iuvenes
954 665 1281 735 declamationibus
1306 667 1464 736 contine-

346 799 490 883 bantur,
538 821 621 866 cum
669 796 869 884 Sophocles
912 802 978 867 aut
1019 799 1211 884 Euripides
1246 800 1465 869 invenerunt

346 931 460 1000 verba
505 931 634 1020 quibus
676 932 851 1001 deberent
892 933 1008 1018 loqui,
1043 933 1205 1001 nondum
1239 933 1464 1001 umbraticus

346 1065 476 1134 doctor
506 1066 692 1152 ingenium
719 1066 925 1150 deleverat,
950 1088 1033 1134 cum
1056 1065 1235 1135 Pindarus
1258 1085 1464 1151 novemque

345 1197 452 1282 lyrici
491 1197 697 1267 Homericis
740 1198 903 1267 versibus
946 1219 1077 1266 canere
1111 1198 1313 1266 timuerunt
1348 1200 1386 1265 et
1419 1189 1464 1265 ne

346 1334 474 1415 poetas
511 1329 680 1420 [quidem]
718 1331 764 1399 ad
799 1331 1049 1399 testimonium
1086 1331 1196 1399 citem
1231 1353 1261 1398 e.
1287 1354 1318 1416 q.
1343 1353 1369 1398 s.
1405 1331 1465 1398 Ita

346 1463 461 1532 edidit
483 1463 747 1548 Buechelerus,
773 1485 865 1532 voce
891 1463 1079 1550 „quidem”
1103 1464 1205 1532 uncis
1228 1464 1379 1533 inclusa.
1393 1463 1464 1534 Sed

347 1617 418 1680 quo
454 1596 562 1664 modo
597 1595 676 1664 fieri
708 1597 846 1680 potest,
872 1597 913 1663 ut
936 1595 1134 1681 Encolpius
1159 1595 1340 1681 Sophocle
1364 1597 1464 1665 Euri-

346 1728 430 1813 pide
476 1728 635 1798 Pindaro
678 1751 883 1813 novemque
925 1728 1049 1814 lyricis
1085 1729 1239 1798 testibus
1275 1728 1463 1815 adhibitis,

346 1862 446 1930 dicat
468 1884 533 1944 „ne
553 1865 682 1946 poetas
701 1862 747 1929 ad
760 1862 1009 1930 testimonium
1023 1861 1177 1930 citem''‘?
1190 1862 1261 1930 Pro
1277 1862 1464 1947 „quidem”

347 1996 494 2062 exstant
529 1995 624 2062 aliae
659 1995 852 2064 lectiones:
887 1995 1048 2082 „solum”
1073 1996 1169 2080 quod
1193 1996 1343 2064 exhibet
1366 1994 1464 2064 Sam-

346 2125 460 2194 bucus
496 2129 534 2194 et
570 2128 756 2212 „tantum”
792 2128 889 2212 quod
925 2128 1018 2196 alius
1052 2129 1125 2198 dat.
1163 2127 1264 2209 Quae
1299 2151 1381 2228 cum
1411 2128 1464 2196 ita

298 2263 308 2274 “
346 2260 434 2344 sint,
470 2282 536 2345 pro
572 2260 644 2329 isto
677 2262 865 2347 „quidem”
895 2262 998 2330 uncis
1022 2261 1162 2330 incluso
1188 2259 1374 2348 „tantum”
1401 2262 1465 2327 aut

348 2392 507 2484 „solum”
531 2393 569 2460 in
589 2395 733 2461 textum
751 2394 999 2479 recipiendum
1021 2415 1099 2462 esse
1114 2393 1267 2462 videtur.
1280 2393 1465 2461 Lubenter

347 2526 508 2594 concedo
532 2526 709 2594 hocloco
736 2526 924 2613 „quidem”
948 2548 1021 2594 non
1046 2549 1123 2596 esse
1147 2527 1346 2595 ferendum.

390 2658 487 2727 Huic
529 2658 687 2728 orationi
730 2660 938 2729 invectivae
980 2660 1210 2746 Agamemno
1252 2661 1378 2728 rhetor
1412 2683 1465 2728 re·

346 2791 517 2876 spondet,
556 2793 652 2877 quod
687 2793 832 2861 initium
868 2794 998 2878 capitis
1033 2794 1133 2862 tertii
1164 2815 1231 2862 nos
1263 2795 1380 2862 docet.
1406 2793 1465 2861 Ita

346 2923 442 2991 enim
464 2924 601 3011 legitur
626 2948 719 3012 „non
745 2931 801 2996 est
823 2950 950 3012 passus
976 2927 1230 3014 Agamemnon
1250 2950 1309 2995 me
1328 2927 1464 2995 diutius

346 3055 554 3125 declamare
589 3059 626 3125 in
661 3059 805 3143 porticu
841 3083 870 3128 e.
896 3083 927 3145 q.
952 3082 976 3128 s.
1006 3060 1130 3128 Verba
1162 3061 1238 3128 eius
1269 3063 1355 3129 sunt
1384 3082 1464 3145 pru-

347 3188 474 3256 dentia
509 3192 546 3258 et
581 3191 689 3275 plena
724 3214 834 3260 sanae
869 3193 1001 3261 mentis
1033 3196 1071 3262 et
1100 3193 1232 3261 mirum
1255 3195 1293 3262 in
1317 3193 1465 3261 modum
1503 3227 1507 3234 ·

346 3326 554 3407 congruunt
588 3346 670 3390 cum
706 3325 890 3410 oratione,
926 3348 1035 3410 quam
1070 3326 1220 3396 Tacitus
1255 3327 1464 3396 Messallam

345 3454 541 3523 habentem
576 3457 683 3543 fingit
715 3458 753 3525 in
778 3459 978 3528 clarissimo
1002 3483 1112 3545 opere
1136 3463 1233 3546 quod
1256 3460 1465 3530 inscribitur

344 3586 524 3673 Dialogus
548 3589 594 3656 de
615 3591 821 3659 oratoribus
841 3592 886 3660 ci.
909 3614 937 3659 c.
959 3594 1101 3661 28-35.
1122 3594 1325 3662 Rhetorum
1345 3595 1464 3678 patro-

346 3720 481 3788 cinium
516 3723 684 3808 suscipit,
721 3725 799 3808 qui,
836 3729 877 3793 ut
908 3726 1080 3795 exhibent
1105 3728 1249 3796 codices
1275 3726 1465 3814 „nimirum

345 3854 382 3920 in
413 3855 469 3922 his
501 3856 825 3926 exercitationibus
848 3860 1036 3944 peccant.’'
1061 3859 1162 3941 Quae
1186 3860 1299 3928 verba
1321 3859 1358 3927 in
1383 3880 1464 3927 con·

345 3992 451 4058 textu
496 3991 648 4060 ferenda
693 4014 765 4060 non
813 3996 915 4078 sunt,
957 3993 1026 4061 nisi
1069 3993 1281 4062 concessiva
1325 3994 1378 4062 vis
1414 3993 1464 4062 eis

345 4123 528 4208 tribuitur,
576 4125 630 4192 ita
676 4128 717 4193 ut
759 4126 969 4195 coniunctio
1012 4126 1247 4195 adversativa
1280 4129 1463 4212 sequatur.
