3322 5290
891 412 936 478 24

349 646 458 711 nocte
492 643 569 711 tarn
604 642 809 728 periculoso
845 641 1027 710 inhorruit
1061 641 1209 728 frigore.
1246 640 1317 710 Sed
1349 663 1471 710 nonne

349 775 420 844 hoc
454 774 716 845 enuntiandum
741 774 850 844 erat?
874 773 969 844 Nam
987 775 1026 843 in
1045 774 1131 860 ipsis
1153 775 1273 844 verbis
1296 775 1390 844 haec
1415 774 1471 844 vis

348 930 422 978 non
456 909 560 978 inest.
595 907 674 976 Aut
707 907 822 994 igitur
852 908 948 977 inter
984 908 1139 995 „etiam”
1176 913 1213 977 et
1252 907 1470 993 „impeturn”

348 1040 579 1110 inserendum
603 1044 659 1110 est
682 1040 902 1110 vocabulum
933 1042 1071 1122 „nune”
1096 1043 1162 1108 aut
1183 1061 1250 1125 pro
1277 1040 1470 1127 „timeam”

348 1174 614 1244 restituendum
638 1177 694 1244 est
718 1172 938 1262 „timerem”

391 1306 564 1376 Nondum
587 1306 707 1376 oratio
732 1304 934 1388 Quartillae
953 1306 1062 1374 finem
1086 1305 1215 1390 habet,
1239 1327 1325 1374 nam
1349 1325 1471 1389 super·

350 1442 405 1517 est
442 1442 485 1509 ut
517 1439 769 1509 adulescentes
798 1441 968 1522 moneat,
1000 1441 1043 1506 ut
1075 1437 1167 1506 iram
1200 1438 1351 1508 deorum
1375 1437 1470 1523 aptis

348 1572 502 1658 piaculis
536 1572 693 1657 placent.
729 1570 878 1641 Somnio
910 1571 1128 1640 medicinam
1160 1571 1266 1657 petiit
1290 1574 1328 1640 et
1352 1571 1471 1658 „iussa

349 1705 468 1790 sum‚’'
511 1705 566 1774 ita
606 1706 745 1793 pergit,
783 1727 869 1792 „vos
903 1706 1113 1792 perquirere
1148 1709 1258 1791 atque
1292 1706 1469 1792 impetum

348 1839 466 1909 morbi
507 1841 713 1909 monstrata
754 1839 959 1909 subtilitate
992 1838 1139 1909 lenire.”
1175 1837 1293 1920 Quam
1327 1839 1469 1908 subtilis

348 1971 567 2059 significatio
602 1971 663 2040 hic
697 1971 781 2041 voci
820 1970 1065 2055 „subtilitate”
1098 1971 1146 2040 sit
1175 1970 1387 2056 tribuenda,
1411 1994 1469 2040 me

347 2104 453 2192 fugit.
478 2105 670 2191 Paulisper
692 2106 730 2174 in
752 2105 1009 2192 perpendendo
1033 2105 1212 2174 hocloco
1237 2104 1399 2191 cogitavi
1424 2105 1469 2174 de

348 2260 435 2308 raro
458 2239 522 2308 illo
546 2239 660 2308 verbo
685 2239 882 2326 „subaudi”
906 2239 1002 2324 quod
1028 2261 1110 2307 cum
1132 2239 1228 2324 apud
1250 2238 1342 2307 alios
1359 2237 1470 2327 serip-

348 2377 446 2442 tores
477 2376 556 2441 tum
592 2373 689 2459 apud
712 2372 921 2462 ,Horatium
955 2373 1141 2441 invenitur
1165 2413 1205 2421 —
1232 2373 1341 2442 credo
1373 2373 1468 2442 enirn

347 2505 408 2574 hic
454 2505 724 2575 substantivum
766 2504 983 2589 desiderari,
1019 2505 1117 2590 quod
1150 2506 1303 2574 eandem
1333 2506 1471 2575 habeat

348 2638 422 2710 vim
458 2641 569 2724 atque
592 2638 759 2746 ¹verbum
793 2638 883 2707 illud
919 2640 956 2707 et
991 2639 1088 2723 apud
1119 2638 1277 2707 Plinium
1309 2639 1470 2708 occurrit

348 2772 617 2843 substantivum
642 2773 738 2858 quod
763 2774 819 2840 est
844 2771 1042 2858 „subatio”
1065 2769 1230 2856 Scriptor
1248 2772 1311 2840 ille
1323 2773 1469 2858 quidem

348 2906 465 2974 utitur
494 2927 538 2976 eo
567 2906 679 2975 verbo
703 2907 749 2975 ad
774 2905 1052 2993 significandam
1074 2907 1299 2993 pruriginem
1324 2906 1468 2976 suillam

348 3040 412 3109 sed
446 3041 559 3110 etiam
593 3042 639 3110 de
668 3040 980 3130 hominibusjfdici
1006 3044 1136 3126 potest.
1161 3041 1333 3111 Fortasse
1357 3042 1470 3129 igitur

347 3173 385 3240 in
408 3195 500 3242 voce
525 3173 770 3261 „subtilitate”
790 3173 884 3243 latet
909 3173 1143 3260 „subatione”
1169 3173 1247 3244 sive
1271 3175 1372 3244 aliud
1391 3199 1468 3244 ver·

348 3306 435 3375 burn
454 3306 616 3375 eiusdem
627 3306 705 3375 fere
717 3306 932 3390 sententiae,
944 3329 1030 3374 narn
1043 3307 1120 3376 eius
1138 3306 1298 3376 notionis
1312 3307 1468 3376 vocabu-

347 3441 424 3508 lum
447 3441 518 3509 hoc
539 3440 622 3509 loeo
647 3439 799 3526 requiri,
820 3461 1034 3524 persuasum
1055 3440 1185 3508 habeo.
1207 3438 1245 3509 Si
1265 3441 1360 3509 enirn
1373 3441 1468 3509 hanc

347 3574 597 3648 coniecturam
627 3574 664 3641 in
683 3574 912 3642 contextum
936 3573 1148 3660 recipimus,
1173 3573 1354 3656 Quartilla
1377 3567 1483 3644 haec

348 3705 454 3774 dicit:
492 3706 601 3792 „Ideo
636 3706 854 3775 medicinam
889 3707 1030 3776 somnio
1065 3707 1155 3793 petii
1192 3710 1229 3776 ct
1259 3708 1348 3777 deus
1379 3709 1466 3777 mihi

347 3837 558 3923 imperavit,
584 3840 635 3908 ut,
654 3861 720 3908 vos
743 3841 990 3927 perquirerem
1015 3844 1126 3926 atque
1150 3841 1327 3926 impeturn
1351 3842 1465 3910 morbi

347 3969 516 4056 lenirem,
534 3993 617 4039 cum
629 3993 696 4040 vos
709 3971 918 4057 edocerem,
932 3975 1071 4059 quanta
1081 3972 1231 4060 prurigo
1245 3996 1327 4042 mea
1340 3975 1465 4042 esset.'‘

392 4104 449 4174 De
480 4104 641 4173 remedio
677 4104 793 4174 morbi
829 4127 975 4190 secura,
1012 4104 1193 4187 Quartilla
1212 4106 1407 4191 Ascyltum
1432 4109 1468 4175 et
