3322 5290
747 468 767 532 5

194 692 439 774 Quamobrem
472 717 538 780 pro
574 696 831 765 coniunctione
865 697 1003 782 „nam'',
1037 698 1133 782 quod
1165 700 1220 766 est
1243 697 1311 783 pri·

193 816 293 895 mum
334 827 487 898 verbum
527 830 717 914 proximae
755 830 913 915 periodi,
948 831 1145 917 legendum
1180 852 1310 899 censeo

195 960 311 1046 „sed'',
336 983 407 1046 quo
432 961 545 1030 verbo
569 962 742 1031 restituto
767 963 890 1032 omnia
914 967 1014 1032 recte
1037 964 1251 1049 procedunt.

237 1093 308 1164 Sed
328 1095 421 1164 haec
443 1095 592 1164 levioris
616 1097 793 1166 momenti
816 1100 910 1184 sunt,
933 1097 1051 1166 maior
1074 1100 1130 1166 est
1142 1097 1311 1166 molestia

193 1251 285 1315 quae
314 1229 351 1297 in
381 1230 557 1315 proximis
589 1229 709 1329 verbis
733 1230 883 1301 occurit.
912 1230 963 1301 Ut
984 1231 1059 1299 iam
1082 1251 1192 1316 supra
1216 1253 1310 1299 com-

192 1362 486 1446 memoravimus,
518 1362 748 1447 Agamemno
780 1366 974 1448 postquam
1003 1363 1310 1432 declamationem

191 1518 294 1564 suam
317 1496 354 1564 in
378 1496 505 1564 schola
528 1497 576 1564 ad
595 1496 705 1564 finem
718 1495 899 1581 perduxit,
913 1495 1102 1582 Encolpi0,
1115 1495 1153 1562 in
1165 1495 1310 1581 porticu

190 1630 421 1716 declamanti,
457 1630 645 1716 respondit
679 1633 717 1698 et
750 1630 786 1697 in
816 1630 922 1698 initio
947 1629 1077 1714 capitis
1107 1629 1219 1714 sexti,
1246 1628 1310 1698 ubi

191 1765 316 1835 rhetor
353 1766 470 1852 „quod
507 1765 640 1834 sentit'
673 1764 834 1833 carmine
865 1765 954 1833 satis
986 1764 1154 1833 abstruso
1187 1767 1225 1832 et
1249 1764 1308 1832 ob-

190 1921 297 1968 scuro
322 1899 508 1984 exposuit,
534 1901 665 1967 auctor
686 1902 812 1967 noster
834 1898 928 1966 haec
950 1897 1054 1966 dicit:
1082 1897 1189 1983 „dum
1211 1896 1308 1964 huno

190 2016 400 2119 diligentius
436 2032 557 2117 audio,
588 2053 662 2100 non
688 2031 816 2100 notavi
840 2030 928 2098 mihi
953 2029 1098 2114 Ascylti
1120 2029 1248 2116 fugam
1271 2032 1309 2098 el

189 2166 276 2235 dum
299 2165 337 2233 in
360 2165 431 2234 hoc
453 2165 637 2235 dictorum
661 2168 766 2233 aestu
788 2165 825 2233 in
848 2163 965 2232 hortis
988 2162 1141 2246 incedo';
1168 2185 1197 2231 e.
1223 2186 1253 2248 q.
1280 2185 1306 2231 e.

189 2298 319 2367 Nonne
342 2300 435 2367 haec
458 2298 571 2367 verba
595 2299 656 2384 eis,
678 2320 772 2384 quae
791 2298 890 2384 prius
907 2299 1089 2385 leguntur,
1102 2318 1322 2402 repugnare·

189 2433 384 2503 videntur?
420 2433 463 2500 ln
498 2433 643 2518 porticu
674 2433 872 2518 Encolpius
905 2433 1112 2502 orationem
1134 2431 1307 2537 Philippi-

189 2587 268 2633 cam
293 2567 329 2635 in
353 2566 517 2635 rhetores
538 2566 684 2651 habuit,
705 2565 840 2635 ibidem
871 2566 1102 2653 Agamemno
1116 2566 1148 2634 ei
1161 2588 1306 2651 respon-

188 2700 268 2784 det,
292 2722 472 2785 nusquam
495 2699 591 2768 enim
614 2700 787 2787 legimus,
813 2721 875 2769 eos
896 2701 1018 2769 locum
1030 2700 1306 2770 mutareDein-

187 2835 233 2902 de
266 2833 434 2902 audimus
458 2834 644 2921 ingentem
668 2835 973 2904 scholasticorum
996 2834 1142 2904 turbam
1165 2835 1203 2903 in
1226 2857 1305 2920 por-

187 2968 301 3036 ticum
336 2967 461 3036 venire
493 2971 531 3036 et
560 2968 789 3054 Encolpium,
815 2969 941 3037 oblata
964 2969 1157 3038 occasione
1180 2993 1304 3055 usum,

188 3100 412 3170 multitudini
449 3124 489 3170 se
522 3102 734 3170 subducere.
779 3101 970 3183 Quomodo
1005 3103 1098 3171 haee
1132 3103 1228 3171 inter
1262 3126 1300 3172 se
1400 3082 1402 3086 ¹

187 3235 410 3304 concinunt?
446 3235 524 3303 Aut
558 3236 689 3303 vitium
723 3236 783 3303 hic
814 3236 923 3321 latet,
949 3236 1045 3321 quod
1069 3236 1158 3303 mihi
1182 3237 1304 3306 verisi-

187 3368 307 3436 milius
332 3368 493 3452 videtur,
517 3369 626 3454 idque
650 3391 694 3436 eo
719 3369 834 3455 magis
855 3369 951 3454 quod
973 3369 1090 3437 codex
1109 3368 1304 3439 Beruensis

187 3500 298 3568 aliam
328 3501 480 3585 praebet
510 3501 717 3587 lectionem,
742 3505 807 3570 aut
830 3504 968 3587 lingere
991 3501 1174 3587 debemus
1198 3502 1304 3570 iuxta

185 3635 368 3718 porticum
402 3634 528 3702 hortos
562 3633 691 3716 fuisse,
728 3634 824 3701 unde
847 3633 1045 3718 Encolpius
1069 3633 1183 3702 verba
1206 3634 1303 3721 Aga-

185 3767 387 3834 memnonis
423 3766 549 3835 audire
583 3767 717 3851 posset.
754 3765 792 3834 Si
827 3765 930 3835 locus
962 3770 1155 3852 corruptus
1187 3770 1242 3836 est
1266 3770 1303 3835 et

186 3899 398 3967 coniectura
429 3899 628 3984 sanandus,
653 3899 809 3968 fortasse
832 3900 1029 3986 legendum
1054 3904 1109 3968 est
1134 3902 1192 3987 „et
1215 3901 1301 3969 dum

184 4031 256 4099 hoc
278 4031 461 4101 dictorum
485 4034 590 4100 aestu
613 4036 735 4102 motus
760 4033 955 4100 conced0.”

231 4163 303 4233 Sed
321 4168 364 4233 ut
383 4165 568 4251 paulisper
580 4167 772 4235 redeamus
784 4167 830 4235 ad
844 4189 992 4235 oarmcn
1003 4167 1093 4235 illud
1107 4167 1301 4236 obscurum
