3322 5290
880 448 923 516 36

345 679 537 765 strepitum
573 702 617 748 ao
653 679 849 749 tumultum
881 704 988 766 quern
1020 682 1110 751 ebrii
1132 682 1297 751 homines
1321 683 1462 753 faciunt

346 833 429 880 cum
454 815 634 882 conantur
657 813 687 882 si
712 815 822 882 anum
847 814 1034 899 crapulam
1056 815 1317 885 edormientem
1338 839 1461 902 exper-

345 946 514 1033 gefacere
537 946 678 1032 possint
701 949 766 1014 aut
788 947 865 1033 ipse
888 947 1055 1016 dominus
1079 948 1276 1018 deversorii
1292 950 1362 1046 ,illa
1380 974 1462 1020 sera

344 1080 462 1149 noctis
490 1081 582 1148 hora
605 1081 753 1150 domum
778 1081 937 1165 redienS,
961 1083 1042 1149 tota
1065 1103 1122 1150 res
1144 1082 1261 1151 multo
1285 1082 1461 1153 maiorem

344 1214 502 1299 speciem
544 1214 711 1284 veritatis
746 1237 834 1300 prae
869 1237 907 1284 se
942 1215 1063 1284 ferret.
1100 1214 1206 1283 Nunc
1241 1215 1363 1284 omnia
1397 1216 1462 1284 illa

344 1346 458 1415 verba
504 1347 737 1434 „tabellarius
782 1347 1062 1417 Trimalchionis
1108 1345 1233 1417 decem
1276 1349 1461 1419 veheculis

345 1481 469 1551 dives”
492 1483 687 1568 suspicioni
712 1486 797 1552 sunt
820 1481 989 1551 obnoxia.
1014 1481 1246 1568 Quantopere
1269 1504 1327 1551 me
1348 1481 1461 1552 offen·

345 1614 410 1683 dat
443 1615 674 1702 tabellarius,
709 1616 798 1684 mihi
836 1616 961 1685 videor
995 1616 1064 1702 eie,
1099 1638 1192 1702 quae
1226 1639 1337 1701 supra
1366 1616 1460 1701 dixi,

344 1748 433 1818 satis
465 1749 742 1819 demonstrasse.
776 1748 979 1818 Contentus
1003 1749 1179 1818 orationis
1202 1750 1239 1818 in
1262 1751 1333 1819 hac
1356 1754 1478 1836 parte,

345 1882 464 1968 operis
498 1883 608 1968 paulo
640 1885 696 1952 est
726 1881 895 1951 diffusior
918 1905 1035 1968 neque
1059 1882 1155 1951 enirn
1177 1883 1266 1952 satis
1290 1889 1460 1969 apparet,

345 2037 416 2100 quo
441 2016 550 2084 modo
574 2016 645 2084 hoe
670 2019 781 2100 caput
805 2037 887 2083 curn
914 2015 1047 2101 „cena”
1072 2015 1278 2083 cohaereat.
1293 2014 1460 2098 Vincula,

344 2147 474 2233 quibus
510 2171 594 2218 curn
629 2148 698 2234 eis,
729 2171 823 2234 quae
853 2148 1095 2233 praecedunt,
1126 2148 1341 2233 conectitur,
1373 2148 1461 2216 satis

343 2282 430 2350 laxa
464 2287 557 2351 sunt.
595 2280 707 2367 Sane,
743 2281 852 2351 amici
886 2281 1000 2350 nostri
1036 2303 1059 2348 a
1090 2303 1181 2350 cena
1202 2282 1373 2365 redeunt,
1398 2280 1460 2348 sed

344 2418 490 2499 praeter
531 2415 602 2483 hoc
644 2437 755 2483 unum
791 2436 923 2482 nomen
958 2413 1237 2482 Trimalchionis
1270 2412 1360 2481 nihil
1394 2433 1461 2480 nos

345 2548 517 2618 admonet
553 2572 695 2633 eorum,
732 2571 825 2634 quae
861 2548 1102 2634 praecedunt,
1137 2551 1175 2616 ct
1209 2547 1280 2615 hoc
1314 2546 1460 2615 nomine

344 2682 466 2752 deleto
490 2683 613 2751 omnia
636 2682 784 2752 vincula
806 2686 916 2769 rupta
939 2686 1041 2767 sunt,
1065 2704 1150 2750 nam
1174 2681 1219 2750 de
1240 2680 1368 2767 quavis
1387 2678 1461 2747 alia

344 2838 435 2885 cena
469 2816 566 2885 idem
601 2816 672 2885 dici
707 2818 831 2902 potest
865 2817 961 2901 quod
994 2816 1038 2885 de
1062 2816 1133 2883 hac
1156 2818 1336 2882 narratur.
1360 2812 1408 2880 Et
1430 2811 1461 2880 si

343 2949 429 3017 mihi
461 2950 549 3018 licet
580 2950 700 3018 dicere
733 2950 829 3036 quod
861 2949 996 3034 sentio,
1022 2949 1181 3017 vexilla
1204 2947 1292 3017 mihi
1316 2947 1461 3015 videtur

343 3083 529 3152 inculcata
552 3105 629 3152 esse
653 3087 695 3164 ut
718 3083 848 3153 saltem
868 3082 1137 3168 quodammodo
1157 3082 1228 3150 hoc
1247 3084 1358 3167 caput
1378 3103 1460 3148 cum

345 3217 478 3303 „cena”
526 3217 817 3304 coniungeretur.
864 3217 956 3285 Earn
1002 3216 1115 3303 igitur
1156 3215 1347 3285 delendam
1383 3238 1460 3284 esse

344 3372 484 3419 censae.
521 3349 692 3419 Ceterum
728 3350 815 3418 mihi
851 3350 997 3419 videtur
1028 3350 1065 3417 in
1088 3371 1180 3418 voce
1206 3348 1460 3436 „tabellarius”

343 3482 458 3552 latere
484 3483 766 3570 „tabernarius''‚
791 3483 828 3552 id
853 3486 908 3552 est
932 3483 1099 3552 dominus
1121 3482 1330 3551 deversorii.
1356 3481 1459 3563 Quod

343 3617 477 3686 attinet
508 3617 554 3686 ad
585 3617 725 3702 reliqua
749 3617 861 3686 verba
887 3619 1033 3703 „decem
1057 3615 1235 3685 vehiculis
1258 3615 1391 3702 dives’',
1416 3638 1460 3684 ea

343 3774 432 3820 sana
455 3774 532 3820 esse
556 3772 629 3820 non
654 3751 781 3836 crede,
805 3752 868 3819 sed
893 3750 1041 3820 difficile
1066 3755 1121 3818 est
1144 3749 1281 3835 aliquid
1305 3749 1394 3818 certi
1414 3751 1459 3818 de

344 3884 395 3954 eis
418 3905 631 3970 proponere.
653 3883 823 3953 Fortasse
841 3887 971 3952 auctor
991 3887 1115 3952 noster
1133 3884 1277 3969 scripsit
1291 3884 1459 3970 ,domum

343 4017 513 4086 vehiculo
533 4017 708 4086 rediens.”
729 4015 837 4086 Certe
857 4017 886 4087 si
907 4017 998 4084 haec
1019 4016 1132 4085 verba
1150 4017 1211 4085 hic
1234 4017 1458 4103 legerentur,

344 4172 401 4216 me
425 4149 570 4234 quidem
592 4171 665 4218 non
690 4150 928 4219 offenderent.
