3322 5290
758 407 776 472 7

206 637 397 722 Ascyltus,
433 637 588 705 eundem
620 658 745 704 casum
774 637 963 720 expertus,
987 634 1080 702 hacc
1104 632 1209 714 dicit:
1237 655 1324 719 „nec

204 770 424 856 invenirem,
468 791 539 855 quo
576 770 660 838 loco
705 769 889 837 stabulum
924 766 1182 853 reliquissem.’'
1217 766 1324 836 Unde

205 904 295 972 mihi
328 905 366 972 in
400 905 559 972 mentem
596 903 697 972 venit
730 905 856 971 nostro
893 923 1036 987 quoque
1066 901 1150 969 loco
1183 901 1325 985 supple·

207 1040 369 1106 mentum
395 1036 497 1104 verbi
522 1037 648 1123 „loco”
670 1035 869 1106 desiderari
893 1038 931 1103 et
953 1057 1019 1120 pro
1045 1032 1187 1121 „quod”
1205 1034 1325 1120 legen·

206 1173 293 1240 dum
318 1192 395 1239 esse
421 1169 554 1257 „qu0,'’
578 1192 672 1254 quae
694 1169 805 1238 lectio
827 1169 1097 1254 quodammodo
1118 1165 1327 1236 confirmari

208 1291 353 1374 videtur
374 1327 428 1389 eo,
446 1304 542 1389 quod
555 1303 719 1371 narratio
733 1305 926 1388 amputata
938 1323 1004 1387 pro
1020 1299 1165 1388 „quod”
1174 1299 1327 1385 praebet

210 1437 335 1524 „cun”

252 1572 464 1641 Notandum
499 1571 571 1639 hoc
606 1592 750 1657 quoque
783 1572 855 1655 est,
889 1591 972 1636 cum
1004 1567 1171 1637 omnibus
1196 1566 1326 1636 ceteris

207 1705 308 1791 locis,
339 1705 401 1774 ubi
432 1704 576 1774 Graeca
599 1705 684 1773 urbs
707 1703 944 1790 significatur,
971 1701 1098 1789 „urbs”
1123 1702 1183 1770 vel
1208 1699 1327 1787 „oppi-

150 1938 157 1952 ι
209 1839 317 1908 dum”
339 1841 552 1924 usurpetur,
572 1839 643 1906 hoc
663 1861 736 1906 uno
756 1838 839 1907 loco
854 1860 935 1906 eam
947 1837 1101 1905 indicari
1115 1858 1207 1905 voce
1221 1835 1327 1922 „civi-

208 1972 356 2042 tatem”
388 1971 519 2042 Omnia
544 1971 681 2041 indicia
703 1972 741 2039 in
764 1971 885 2040 satiris
909 1970 1037 2056 obvia,
1064 1992 1157 2056 quae
1181 1991 1225 2037 eo
1249 1991 1327 2054 per·

209 2106 343 2190 tinent,
390 2108 433 2173 ut
477 2105 581 2174 nobis
624 2108 828 2174 monstrare
869 2105 1023 2191 possint,
1058 2104 1096 2172 in
1132 2126 1204 2189 qua
1238 2102 1328 2171 urbe

209 2241 408 2325 Encolpius
444 2263 527 2314 oum
561 2240 634 2308 suis
666 2241 847 2324 versetur,
879 2239 1151 2307 accuratissime
1176 2260 1220 2307 ac
1243 2237 1328 2306 deli-

210 2373 420 2460 gentissime
443 2373 594 2459 collegit
617 2397 650 2441 v.
675 2373 708 2442 d.
730 2371 764 2440 J.
783 2371 829 2438 H.
842 2370 1007 2456 Leopold
1019 2370 1056 2438 in
1069 2369 1328 2455 disputatione,

209 2529 283 2576 non
314 2507 402 2576 satis
437 2506 605 2593 cognita,
641 2528 734 2591 quae
765 2503 976 2573 inscribitur
1001 2502 1119 2590 „Over
1142 2503 1187 2572 do
1208 2503 1329 2587 plaats

109 2695 110 2698 ,
210 2665 283 2710 van
306 2641 506 2727 handeling
529 2641 593 2709 der
616 2662 708 2708 cena
731 2636 1045 2707 Trimalchionis.”
1070 2635 1150 2717 Qua
1169 2635 1329 2720 disputa·

210 2775 312 2843 tione
334 2773 493 2844 dilucide
518 2773 695 2858 ostendit,
721 2794 766 2840 ex
791 2773 967 2857 quattuor
990 2769 1149 2854 urbibus,
1175 2791 1329 2855 quarum

210 2910 246 2978 in
281 2910 352 2978 hac
386 2931 425 2977 re
448 2907 544 2976 ratio
569 2906 684 2992 possit
707 2904 844 2990 haberi,
869 2903 1063 2989 Neapolim
1087 2902 1226 2987 optimo
1251 2901 1329 2970 iure

211 3043 279 3112 sibi
303 3065 385 3111 eum
410 3040 598 3110 vindicare
622 3040 809 3108 honorem.

257 3175 329 3246 Sed
353 3177 546 3244 adrerum
569 3174 733 3243 ordinem
757 3175 997 3242 revertamur.
1034 3171 1076 3238 ln
1104 3167 1329 3257 „conducto”

212 3309 322 3377 trium
346 3308 549 3376 amicorum
572 3309 779 3375 nostrorum
805 3303 990 3373 communi
1012 3303 1093 3370 rixa
1106 3303 1223 3371 oritur
1235 3302 1331 3370 inter

212 3441 429 3527 Encolpium
462 3445 499 3510 et
528 3440 733 3523 Ascyltum.
759 3437 871 3508 Giton
897 3437 993 3506 enim
1017 3435 1181 3522 querit-ur
1203 3435 1331 3520 Ascyl-

213 3580 291 3644 tum
315 3575 425 3661 paulo
449 3578 535 3643 ante
558 3575 595 3642 in
620 3573 841 3642 conductum
866 3572 1069 3658 ingressum
1097 3592 1175 3638 esse
1199 3572 1237 3638 et
1257 3569 1330 3638 vim

212 3707 279 3778 sibi
302 3707 512 3777 intentasse.
538 3706 691 3788 Quando
715 3706 787 3773 hoc
810 3703 890 3772 fieri
912 3702 1059 3788 potuit?
1083 3701 1212 3788 Neque
1235 3701 1332 3770 enim

213 3841 391 3926 Encolpio
415 3843 607 3926 praesente
630 3839 770 3908 factum
795 3840 851 3908 est
872 3840 909 3905 et
928 3835 1126 3920 Encolpius
1142 3835 1331 3921 atqueAs-

214 3973 334 4059 oyltus
368 3997 441 4042 una
476 3996 522 4042 ex
555 3972 723 4057 lupanari
758 3971 989 4057 aufugerunt.
1023 3969 1101 4037 Aut
1129 3969 1243 4055 igitur
1266 3991 1332 4038 eae

213 4106 366 4176 insidiae
399 4109 485 4175 ante
518 4105 710 4176 mirificum
734 4105 771 4173 in
794 4104 934 4173 fornice
958 4125 1148 4172 occursum
1173 4105 1332 4198 statuen-
