3322 5290
907 453 951 520 34

415 684 495 753 Iam
531 685 732 770 audiamus,
761 685 847 770 quid
871 707 961 770 puer
982 683 1189 771 ingeniosus
1209 682 1489 769 excogitaverit.

370 819 554 906 „Prudens
578 819 673 888 enim
699 817 857 909 [pridie],
883 842 965 888 cum
989 819 1071 888 lucc
1091 819 1203 888 ctiam
1224 819 1325 887 clara
1343 818 1490 887 timeret

370 974 545 1031 errorem,
583 975 708 1024 omnes
743 955 835 1039 pilas
871 954 1130 1040 columnasque
1154 958 1351 1024 notaverat
1369 958 1489 1039 creta,

370 1109 463 1173 quae
503 1087 726 1157 lineamenta
761 1089 951 1158 evicerunt
984 1088 1236 1176 spississimam
1271 1091 1415 1188 noctem
1454 1091 1491 1155 et

369 1219 523 1289 notabili
543 1219 703 1288 candore
727 1221 965 1290 ostenderunt
988 1221 1194 1290 errantibus
1214 1220 1345 1292 viam”.
1370 1219 1490 1306 Magis

370 1354 458 1422 mihi
493 1353 630 1424 arridet
652 1354 780 1439 lecti0‚
806 1377 914 1440 quam
937 1355 1090 1442 praebet
1108 1353 1359 1424 Tornaesiana
1380 1376 1490 1439 quam

371 1509 464 1572 quac
489 1510 511 1555 a
534 1487 762 1557 Buechelero
786 1487 824 1556 in
845 1491 1057 1558 contextum
1070 1490 1220 1573 recepta
1232 1490 1296 1558 est.
1309 1486 1381 1554 Hic
1394 1486 1490 1555 enim

372 1642 499 1690 vocem
535 1621 695 1707 „pridie”
729 1622 832 1691 uncis
862 1622 1026 1706 inclusit,
1051 1644 1134 1691 cum
1158 1645 1241 1690 mea
1263 1621 1394 1690 saltem
1417 1621 1490 1706 opi-

371 1753 479 1822 nione
509 1754 668 1823 maxime
702 1755 909 1840 requiratur
942 1755 1013 1823 hoc
1043 1755 1182 1824 illudve
1217 1754 1386 1839 verbum,
1419 1774 1490 1838 quo

372 1891 515 1972 tempus
555 1887 745 1957 indicetur.
788 1887 911 1957 Etiam
950 1889 1095 1974 dubito,
1138 1912 1186 1958 an
1228 1891 1391 1974 praestet
1423 1908 1489 1973 pro

372 2019 531 2105 „pridie”
555 2020 678 2107 legere
698 2022 902 2108 „meridie”,
927 2023 1023 2107 qnod
1047 2023 1119 2091 hoo
1140 2021 1357 2091 vccabulum
1380 2020 1488 2089 ctiam

372 2152 488 2239 magis
512 2176 621 2238 quam
644 2154 734 2224 illud
758 2154 931 2223 convenit
953 2154 1004 2224 eis
1028 2155 1157 2238 verbis,
1179 2177 1272 2240 quae
1292 2159 1492 2240 sequuntur

373 2287 477 2372 „luce
502 2287 613 2356 ctiam
637 2289 769 2357 clara”.
794 2289 894 2358 Nihil
918 2310 1048 2359 vereor
1070 2311 1116 2358 ne
1140 2289 1218 2374 quis
1243 2289 1330 2358 mihi
1355 2288 1492 2357 obiciat

374 2441 465 2488 voce
500 2443 593 2505 quae
630 2424 685 2490 est
708 2421 868 2507 „pridie”
892 2422 1101 2491 accuratius
1125 2445 1234 2508 quam
1256 2443 1413 2506 eaquae
1437 2426 1492 2490 est

374 2553 567 2638 „meridie”
610 2554 807 2640 significari
849 2555 946 2640 quod
980 2559 1124 2642 tempus
1157 2560 1282 2624 noster
1317 2554 1491 2640 voluerit,

374 2685 531 2753 mediam
565 2691 712 2756 noctem
746 2687 820 2756 iam
855 2687 1071 2773 praeterisse
1105 2711 1223 2774 neque
1254 2687 1367 2774 igitur
1393 2690 1492 2755 recte

375 2818 447 2886 diei
482 2840 605 2906 posse,
638 2819 776 2890 Gitona
795 2822 945 2891 meridie
964 2822 1069 2909 signa
1092 2844 1158 2890 sua
1181 2821 1217 2889 in
1242 2820 1323 2906 pilis
1346 2819 1492 2905 inscrip-

374 2951 473 3038 sisse,
496 2977 582 3022 nam
606 2975 678 3023 non
699 2955 817 3024 minus
842 2978 951 3041 quam
971 2958 1154 3025 nostrates
1178 2955 1330 3024 Latinos
1349 2977 1492 3056 quoque
1516 2959 1519 2964 ’

376 3090 465 3170 puto
502 3087 539 3154 in
570 3088 638 3155 tali
670 3111 709 3157 re
739 3092 817 3157 tam
840 3111 993 3175 parvam
1017 3088 1288 3176 neglegentiam
1312 3088 1348 3156 in
1373 3109 1411 3156 se
1435 3088 1493 3155 ad·

375 3220 523 3290 misisse.

420 3353 584 3422 Ducibus
618 3354 715 3424 notis
750 3355 898 3440 creteis,
934 3355 1063 3441 quibus
1100 3355 1213 3425 Giton
1243 3355 1336 3440 pilas
1360 3353 1492 3456 colum·

377 3511 514 3573 nasque
538 3488 767 3575 signaverat,
793 3489 884 3559 ebrii
907 3489 1069 3575 hospites
1093 3490 1139 3559 ad
1165 3490 1393 3576 „stabulum”
1416 3511 1492 3574 per·

378 3622 547 3706 veniunt,
572 3621 619 3690 ad
639 3622 842 3706 stabulum,
866 3623 1030 3709 inquam,
1050 3646 1135 3691 nam
1156 3623 1268 3692 ianua
1291 3625 1347 3692 est
1370 3621 1493 3691 clausa

377 3777 495 3840 neque
530 3776 611 3823 eam
647 3756 787 3840 aperire
821 3759 974 3841 possunt
1007 3779 1075 3825 nec
1109 3757 1299 3842 quisquam
1327 3755 1494 3825 domesti-

379 3908 506 3955 corum
543 3887 690 3975 vigilat,
715 3893 756 3957 ut
779 3889 991 3959 deversores
1011 3894 1088 3959 tam
1112 3913 1193 3959 sero
1217 3913 1256 3960 so
1279 3891 1494 3976 recipientes

379 4021 612 4091 intromittat.
649 4023 767 4091 Immo
803 4046 914 4109 „anus
950 4024 1045 4093 enim
1076 4024 1176 4110 ipsa”
1209 4065 1249 4073 —
1275 4028 1360 4094 sunt
1384 4024 1495 4093 verba

378 4155 490 4240 ipsius
521 4155 707 4240 scriptoris
730 4197 774 4203 -
799 4157 914 4242 „inter
945 4157 1187 4226 deversitores
1218 4158 1353 4226 diutius
1377 4158 1495 4244 ingur-

1646 4191 1655 4232 l
