3322 5290
908 445 949 512 18

365 699 473 761 quam
518 676 765 746 coniecturam
790 676 899 746 facile
934 676 1013 762 quis
1047 676 1195 745 incidat.
1232 675 1310 743 Aut
1340 635 1481 745 tradita

363 811 474 880 lectio
506 812 687 880 servanda
721 815 777 880 est
810 813 876 879 aut
910 812 1007 897 quod
1036 810 1124 878 mihi
1155 809 1273 877 minus
1305 809 1481 894 probatur

364 966 430 1029 pro
468 943 634 1031 „tenere”
669 944 865 1030 legendum
900 945 955 1011 est
988 941 1149 1030 „teneo”
1180 941 1348 1027 Utroque
1370 941 1480 1009 modo

364 1078 494 1148 mulier
513 1077 621 1178 dicit,
642 1100 680 1146 se
699 1077 860 1147 latrones
880 1078 1046 1146 detectos
1058 1075 1225 1144 manibus
1237 1077 1372 1144 tenere.
1386 1074 1481 1141 Tum

364 1212 509 1281 demum
534 1234 660 1280 veram
684 1212 859 1281 habemus
883 1210 1119 1294 sententiam,
1141 1231 1234 1295 quae
1254 1207 1482 1277 desideratur

364 1368 481 1431 neque
517 1368 561 1414 ea
594 1367 634 1413 re
670 1365 922 1429 commoveor,
954 1344 1048 1429 quod
1082 1341 1284 1411 infinitivus
1314 1340 1480 1429 „tenere”

365 1481 467 1546 caret
490 1477 705 1563 pronomine
729 1477 807 1560 se,''
832 1477 934 1546 cuius
957 1474 1213 1562 neglegentiae
1237 1474 1344 1559 copia
1364 1496 1481 1542 exem·

364 1612 508 1697 plorum
532 1610 656 1678 afferri
680 1612 812 1696 potest.
839 1609 877 1678 Si
900 1632 1008 1695 quem
1031 1610 1128 1678 forte
1147 1609 1212 1677 illa
1226 1631 1283 1677 res
1296 1607 1480 1692 offendat,

364 1744 500 1812 inserat
523 1746 607 1828 post
629 1743 791 1812 latrones
817 1742 897 1829 „se”
921 1745 959 1810 et
983 1741 1041 1828 ,in
1063 1743 1183 1810 tutost
1206 1741 1323 1811 omnis
1347 1740 1435 1808 res.''

409 1876 533 1945 Verba
564 1898 657 1961 quae
692 1875 765 1942 iam
796 1877 993 1960 sequunter
1020 1873 1097 1942 iere
1120 1873 1209 1942 nihil
1233 1872 1412 1956 offerunt,
1436 1872 1481 1940 de

365 2029 436 2094 quc
480 2007 657 2093 disputari
692 2007 816 2092 possit.
852 2006 1026 2106 Narratio
1060 2006 1204 2091 placide
1239 2005 1481 2092 progreditur,

365 2141 557 2226 Ascyltum
582 2142 618 2207 et
641 2139 857 2224 Encolpium
882 2142 1012 2207 contra
1037 2137 1200 2206 videmus
1223 2138 1385 2206 tunicam
1407 2137 1483 2204 vin-

365 2273 546 2358 dicantes,
580 2295 673 2358 quae
703 2294 761 2340 res
790 2272 1127 2356 circumstantibus,
1159 2270 1334 2356 imprimis
1366 2269 1482 2338 cocio-

364 2407 499 2491 nibus,
522 2406 584 2494 qui
614 2406 707 2473 lucri
742 2405 841 2474 avidi
873 2405 1031 2490 undique
1062 2406 1339 2488 concurrerant,
1371 2403 1482 2472 risum

365 2543 499 2608 movet.
536 2539 828 2624 Peropportune·
847 2538 1001 2625 Ascylto
1031 2538 1069 2605 in
1093 2541 1252 2606 mentem
1277 2536 1378 2612 venit
1401 2558 1483 2604 con·

365 2671 582 2742 troversiam
614 2695 697 2740 cum
733 2672 830 2740 bona
864 2671 985 2758 gratia
1016 2670 1185 2756 componi
1209 2692 1325 2756 posse.
1350 2668 1482 2738 Censet

366 2827 469 2873 suum
494 2805 656 2890 utrisque
679 2805 792 2890 reddi,
817 2828 910 2891 quae
942 2804 1065 2890 pactio
1097 2804 1185 2872 satis
1204 2804 1327 2888 placet
1345 2802 1482 2871 rustico

366 2939 403 3004 et
426 2937 586 3022 mulieri,
611 2940 650 3005 at
674 2938 791 3006 minus
816 2938 1005 3007 advocatis
1031 2937 1112 3024 „qui
1136 2936 1310 3004 volebant
1332 2935 1483 3021 pallium

366 3069 457 3138 lucri
492 3069 648 3138 facere.'’
679 3070 735 3138 Ea
758 3071 881 3139 onmia
904 3074 989 3140 sunt
1013 3069 1222 3155 perspicua,
1247 3069 1406 3138 seduna
1430 3069 1484 3136 est

366 3224 441 3287 res,
472 3202 571 3270 haud
606 3224 693 3270 sane
724 3202 847 3289 magni
881 3202 1074 3287 momenti,
1111 3224 1220 3288 quam
1243 3201 1303 3269 hic
1330 3221 1484 3269 comme·

367 3356 510 3404 morare
534 3335 653 3403 velim.
679 3335 722 3403 ln
745 3339 877 3421 quarta
901 3335 1060 3405 editione
1083 3334 1298 3403 Buecheleri
1319 3333 1483 3419 legimus,

369 3467 564 3562 „advocati
587 3470 710 3536 tamen
734 3468 808 3535 iam
831 3489 971 3552 poenae
994 3467 1197 3550 nocturni,’'
1223 3489 1305 3535 cum
1325 3465 1362 3533 in
1374 3465 1484 3534 tertia

367 3598 530 3694 legatur,
569 3601 761 3688 „advocati
785 3604 909 3669 tamen
932 3601 1006 3668 iam
1025 3623 1142 3686 paene
1165 3599 1367 3685 nocturni”,
1392 3621 1485 3684 quae

368 3736 453 3801 sunt
486 3734 600 3803 verba
635 3734 820 3803 librorum.
852 3734 935 3802 Hoc
965 3733 1221 3802 tantummodo
1246 3734 1291 3802 de
1314 3731 1378 3801 illo
1401 3732 1484 3799 loco

368 3865 489 3960 dicere
533 3867 636 3952 volc,
672 3868 760 3935 mihi
795 3869 891 3935 hanc
923 3867 1119 3936 lectionem
1154 3867 1285 3934 multo*
1305 3866 1486 3950 potiorem

370 3997 485 4066 videri
521 4021 629 4084 quam
659 4000 771 4068 illam.
804 4000 934 4070 Altera
960 4000 1158 4068 difficultas
1182 3998 1286 4066 nobis
1310 3998 1426 4066 oritur
1448 3997 1485 4064 in

368 4130 600 4215 paragrapho
635 4132 819 4217 proxima,
851 4133 873 4199 i.
899 4154 928 4200 e.
960 4131 1192 4218 paragrapho
1223 4130 1334 4198 tertia
1357 4129 1487 4214 capitis
