3322 5290
730 457 768 521 51

193 683 308 770 „forte
332 705 416 751 oum
439 683 476 751 in
498 683 658 752 triclinio
682 684 901 768 iaeeremuS‚
922 684 1008 769 quia
1026 683 1103 752 dies
1122 681 1306 752 sollemnis

190 815 316 885 ludum
351 819 541 886 artaverat
573 817 832 905 pigritiamque
866 815 1060 887 recedendi
1083 817 1307 902 imposuerat

190 950 356 1021 hilaritas
397 951 563 1038 longior’'
608 975 637 1021 e.
674 975 705 1038 q.
742 975 768 1021 s.
812 951 942 1020 Editor
975 955 1100 1020 noster
1133 944 1170 1019 in
1205 950 1306 1018 oaloe

189 1085 346 1172 paginae
367 1086 414 1155 ad
435 1108 563 1156 vooem
586 1089 779 1174 „artavera
798 1086 816 1115 ”
837 1088 929 1156 haee
949 1087 1161 1156 annotavit:
1175 1086 1305 1174 „immo

191 1219 407 1288 adtulerat’'.
444 1219 549 1302 Quod
572 1220 706 1296 attinet
730 1221 776 1290 ad
799 1222 1018 1291 sententiam
1042 1221 1162 1290 virum
1186 1221 1306 1290 elaris·

190 1354 319 1423 simum
344 1377 420 1423 rem
444 1377 514 1423 auu
538 1354 701 1441 tetigisse
725 1355 883 1424 arbitror
906 1355 969 1425 sed
994 1355 1161 1440 equidem
1184 1353 1307 1423 malim

191 1488 438 1573 „arcessivera
456 1487 486 1574 '',
520 1489 605 1574 quia
630 1490 723 1558 haee
748 1511 821 1558 vox
846 1489 934 1556 mihi
958 1489 1087 1558 melius
1111 1489 1306 1559 convenire

191 1622 337 1690 videtur
359 1622 482 1709 generi
508 1622 652 1691 dicendi
675 1623 907 1692 Petroniano.
921 1623 1061 1692 Vocem
1076 1624 1306 1711 „artaverat”

190 1777 262 1824 non
297 1755 484 1825 ferendam
516 1779 611 1842 esso,
643 1757 710 1826 nisi
742 1758 973 1845 confugimus
997 1759 1044 1826 ad
1067 1757 1174 1827 nimis
1196 1758 1307 1844 longe

191 1890 392 1974 quaesitam
428 1890 767 1976 interpretationem
803 1891 910 1960 huius
940 1892 1031 1977 loei,
1063 1893 1158 1960 inter
1182 1913 1306 1960 omnes

191 2028 360 2094 constare
394 2027 493 2109 pum.
532 2024 708 2112 „Artare”
745 2024 840 2115 enim
874 2024 934 2092 hio
964 2024 1054 2093 nihil
1078 2025 1177 2093 aliud
1200 2025 1307 2112 signi·

190 2160 301 2226 ficare
336 2161 458 2243 potest
493 2159 561 2226 nisi
599 2158 815 2245 „minuere’'‚
841 2159 1109 2246 „angustiorem
1133 2158 1307 2227 reddere''

171 2315 307 2378 ¹neque
343 2293 468 2378 video,
505 2292 688 2378 quomodo
723 2292 824 2360 illam
847 2292 1034 2360 notionem
1059 2314 1205 2361 servare
1228 2314 1307 2377 pos-

190 2425 318 2510 simuS,
340 2425 425 2510 quin
438 2425 697 2511 significationi
712 2425 813 2494 vocis
829 2424 998 2512 „ludum”
1011 2425 1084 2492 vim
1097 2423 1305 2495 afferamus

236 2557 342 2626 Alter
363 2558 485 2642 loouS,
509 2557 568 2643 qui
594 2558 681 2626 mihi
706 2559 895 2627 molestias
919 2558 1089 2643 praebet,
1112 2559 1247 2645 legitur
1270 2559 1307 2627 in

191 2692 311 2778 eapite
346 2693 572 2777 octogesimo
608 2692 772 2777 septimo.
810 2692 865 2761 lbi
902 2694 996 2761 enim
1028 2733 1071 2742 -
1103 2697 1159 2762 est
1181 2715 1307 2761 versus

160 2828 163 2833 ’
190 2795 612 2912 duodequadragesimus
647 2865 690 2872 —
722 2826 814 2894 haee
838 2829 939 2894 sunt:
962 2825 1106 2912 „itaque
1130 2825 1308 2894 excitavit

190 2981 248 3026 me
284 2958 442 3043 sopitum
475 2963 511 3027 et
545 2959 739 3045 „numquid
766 2959 865 3028 vis'?¹'
891 2959 1017 3044 inquit.
1043 2964 1080 3027 et
1103 2982 1176 3028 non
1199 2961 1306 3045 plane

190 3093 264 3161 iam
298 3094 492 3162 molestum
518 3097 597 3162 erat
620 3117 760 3163 munus.
785 3098 970 3180 uteunque
993 3095 1106 3181 igitur
1129 3095 1224 3163 inter
1247 3117 1307 3162 an·

190 3226 324 3296 helitus
366 3227 588 3312 sudoresque
629 3227 756 3310 trituS,
793 3227 888 3311 quod
925 3227 1110 3311 voluerat,
1146 3227 1306 3311 aceepit,

190 3383 386 3446 rursusque
422 3361 459 3428 in
496 3383 673 3429 sommum
711 3356 827 3428 decidi
863 3359 998 3446 gaudio
1034 3359 1181 3428 lassus.”
1206 3358 1309 3441 Quae

191 3494 304 3563 verba
349 3495 473 3562 omnia
514 3493 603 3584 mihi
638 3494 783 3579 quidem
819 3494 1009 3578 perspicua
1043 3496 1128 3562 sunt
1162 3496 1308 3578 praeter

191 3627 282 3696 haee
308 3631 366 3715 „et
388 3649 460 3696 non
486 3628 592 3712 plane
615 3627 689 3695 iam
712 3628 906 3696 molestum
932 3629 1012 3694 erat
1034 3627 1196 3695 munus.''
1216 3627 1308 3694 Mihi

192 3761 286 3829 enim
310 3761 403 3829 haee
427 3761 540 3830 verba
564 3761 726 3830 adversis
748 3761 929 3830 frontibus
954 3783 1117 3847 pugnare
1139 3760 1307 3829 videntur

193 3911 275 3962 oum
311 3894 362 3962 eis
395 3917 488 3979 quae
509 3897 728 3980 sequuntur:
755 3898 972 3981 „utcumque
995 3894 1108 3980 igitur
1129 3894 1225 3962 inter
1248 3915 1307 3960 an-

191 4027 325 4095 helitus
360 4027 582 4112 sudoresque
617 4028 742 4112 tritm,
767 4029 862 4113 quod
889 4031 1059 4098 voluerat
1082 4029 1246 4114 aceepit”
1271 4032 1307 4101 et

192 4183 296 4246 spero
331 4161 428 4246 fore,
465 4165 505 4229 ut
535 4184 659 4247 nemo,
685 4163 743 4247 qui
770 4163 914 4248 quidem
938 4164 1055 4232 otiose
1078 4165 1171 4233 haee
1196 4165 1308 4233 verba
