3322 5290
871 456 914 520 56

332 681 511 768 Eumolpo
544 683 768 754 intercedere
791 683 982 752 rationem.
1006 683 1118 768 Nam,
1143 682 1172 750 si
1196 681 1285 749 illud
1309 681 1453 750 intelle-

332 817 438 900 gunt,
474 815 675 899 perieulum
707 820 780 900 est,
810 838 856 885 ne
883 816 972 885 item
996 815 1238 885 eorumiram
1263 815 1452 883 etodium

216 969 227 992 Χ
332 947 551 1032 experiatur.
575 949 658 1017 Hoc
681 949 794 1036 igitur
818 949 850 1018 ei
874 949 1079 1018 cavendum
1104 951 1160 1018 est
1178 971 1224 1017 ne
1237 948 1324 1036 quid
1336 951 1452 1034 poeta

330 1080 474 1168 fugiens
496 1080 628 1168 faciat,
654 1083 749 1153 unde
772 1085 971 1168 appareat,
995 1082 1090 1151 inter
1114 1104 1175 1151 eos
1200 1082 1348 1170 aliquod
1370 1104 1450 1150 esse

331 1214 527 1284 vinculum.
553 1215 671 1298 Quam
692 1215 911 1285 sententiam
932 1216 1052 1286 verbis
1071 1216 1216 1285 traditis
1237 1215 1312 1285 levi
1332 1219 1449 1284 muta·

331 1347 430 1416 tione
462 1349 550 1417 dare
572 1370 773 1434 possumne.
799 1348 943 1418 Etenim
968 1349 998 1419 si
1023 1349 1123 1418 vocis
1150 1350 1339 1436 „poetam”
1363 1350 1447 1417 ulti-

330 1505 428 1550 mam
450 1483 611 1552 litteram
637 1483 816 1568 delemuS,
836 1484 999 1552 nascitur
1014 1485 1213 1570 sententia,
1226 1503 1336 1572 quarn
1350 1483 1445 1552 volo

330 1616 374 1684 In
408 1616 505 1685 hunc
540 1618 689 1686 modurn
724 1621 899 1687 contextu
936 1618 1137 1687 constituto
1173 1617 1280 1687 simul
1316 1619 1446 1703 verba,

331 1767 425 1836 quae
459 1753 591 1819 auctor
624 1753 749 1820 noster
782 1751 970 1838 subiungit
1004 1751 1070 1836 eie,
1107 1752 1152 1820 de
1185 1750 1315 1840 quibus
1350 1734 1458 1818 nunc

330 1883 489 1970 agimus,
534 1885 660 1955 melius
703 1887 874 1976 coniungi
917 1886 1089 1954 videntur
1131 1885 1316 1969 cumeis,
1352 1905 1446 1972 quae

330 2019 564 2103 praecedunt.

550 2443 611 2525 Au
640 2469 725 2548 cap.
755 2445 818 2526 XO
846 2399 1044 2552 (pagati)
1073 2471 1163 2531 vers
1192 2449 1228 2528 2.

376 2684 507 2772 „immo
553 2685 709 2773 quoties¹
739 2686 925 2755 theatrum
972 2691 1013 2755 ut
1054 2687 1247 2756 recitarem
1290 2685 1445 2774 aliquid,

329 2817 476 2903 intravi,
496 2818 568 2886 hac
590 2841 648 2887 me
668 2819 878 2888 adventicia
898 2820 1066 2906 excipere
1089 2821 1297 2909 frequentia
1320 2821 1446 2890 solet.”

331 2951 425 3022 Sunt
458 2952 571 3020 verba
601 2952 772 3038 Eumolpi
798 2955 1049 3038 respondentis
1074 2955 1120 3022 ad
1146 2954 1446 3040 exprobrationes

330 3085 507 3171 Encolpii.
543 3085 615 3154 Hic
650 3086 764 3171 enim,
798 3085 991 3175 postquam
1020 3088 1058 3154 in
1081 3089 1204 3155 tutum
1227 3110 1266 3157 se
1289 3087 1446 3173 recepit,

331 3221 551 3306 conquestus
575 3222 655 3287 erat
678 3219 844 3287 morbum
869 3220 1012 3289 comitis
1036 3220 1091 3289 sui
1116 3221 1280 3307 „saepius
1302 3220 1446 3305 poetice

330 3371 440 3440 quam
474 3352 632 3421 humane
666 3352 880 3440 loquentis.''
915 3353 998 3439 lpse
1032 3356 1143 3438 poeta
1174 3354 1291 3422 multo
1328 3353 1446 3422 minus

332 3487 584 3553 commovetur
626 3485 782 3570 iniuriis,
822 3485 952 3573 quibus
987 3486 1135 3556 obnoxii
1170 3485 1337 3571 fuerunt,
1372 3485 1446 3553 iam

331 3617 558 3686 assuefactus
581 3621 637 3687 est
660 3618 726 3686 tali
751 3619 1010 3704 contumeliae,
1034 3620 1144 3707 idque
1168 3621 1279 3702 adeo,
1299 3622 1342 3688 ut
1365 3642 1445 3688 eam

332 3750 498 3820 conferat
532 3773 616 3818 cum
650 3751 731 3820 cibo
767 3752 969 3837 cotidiano,
1005 3752 1104 3840 quod
1136 3775 1219 3822 cum
1252 3776 1298 3822 ex
1320 3756 1445 3821 nostro

330 3881 413 3950 loco
437 3886 516 3952 tum
547 3906 592 3952 ex
621 3884 671 3953 eis
707 3884 826 3954 verbis
860 3905 955 3974 quae
990 3890 1208 3975 sequuntur,
1243 3908 1309 3972 pro
1346 3889 1445 3955 certo

332 4015 504 4102 colligere
528 4038 729 4102 possumus.
755 4016 856 4099 Quae
880 4041 964 4088 cum
987 4019 1042 4088 ita
1064 4020 1153 4105 sint,
1179 4020 1315 4108 quivis,
1339 4024 1446 4106 pute,

330 4149 419 4218 mihi
443 4151 662 4221 assentietur
684 4152 820 4221 dicenti
840 4153 886 4220 ad
913 4174 1040 4222 vocem
1063 4154 1448 4240 „adventicia''mente
