<?xml version="1.0" encoding="UTF-8"?>
<!DOCTYPE html PUBLIC "-//W3C//DTD XHTML 1.0 Transitional//EN"
    "http://www.w3.org/TR/xhtml1/DTD/xhtml1-transitional.dtd">
<html xmlns="http://www.w3.org/1999/xhtml" xml:lang="en" lang="en">
 <head>
  <title>
</title>
<meta http-equiv="Content-Type" content="text/html;charset=utf-8" />
  <meta name='ocr-system' content='tesseract 3.04.00' />
  <meta name='ocr-capabilities' content='ocr_page ocr_carea ocr_par ocr_line ocrx_word'/>
</head>
<body>
  <div class='ocr_page' id='page_1' title='image "./animadversiones00blomgoog/animadversiones00blomgoog_0039.png"; bbox 0 0 3322 5290; ppageno 0'>
   <div class='ocr_carea' id='block_1_1' title="bbox 905 434 957 524">
    <p class='ocr_par' dir='ltr' id='par_1_1' title="bbox 905 434 957 524">
     <span class='ocr_line' id='line_1_1' title="bbox 905 434 957 524; baseline 0.019 -18"><span class='ocrx_word' id='word_1_1' title='bbox 905 434 957 524; x_wconf 75' lang='grc' dir='ltr'>Ι26</span> 
     </span>
    </p>
   </div>
   <div class='ocr_carea' id='block_1_2' title="bbox 373 669 1493 890">
    <p class='ocr_par' dir='ltr' id='par_1_2' title="bbox 373 669 1493 890">
     <span class='ocr_line' id='line_1_2' title="bbox 415 669 1493 756; baseline 0.001 -17"><span class='ocrx_word' id='word_1_2' title='bbox 415 669 656 756; x_wconf 74' lang='lat' dir='ltr'>Subsequitur</span> <span class='ocrx_word' id='word_1_3' title='bbox 681 669 839 755; x_wconf 87' lang='lat' dir='ltr'>lacuna,</span> <span class='ocrx_word' id='word_1_4' title='bbox 875 669 1005 738; x_wconf 90' lang='lat' dir='ltr'>deinde</span> <span class='ocrx_word' id='word_1_5' title='bbox 1038 669 1231 738; x_wconf 83' lang='lat' dir='ltr'>incidimus</span> <span class='ocrx_word' id='word_1_6' title='bbox 1262 670 1298 738; x_wconf 94' lang='lat' dir='ltr'>in</span> <span class='ocrx_word' id='word_1_7' title='bbox 1335 672 1493 740; x_wconf 92' lang='lat' dir='ltr'>mediam</span> 
     </span>
     <span class='ocr_line' id='line_1_3' title="bbox 373 797 1493 890; baseline 0.002 -18"><span class='ocrx_word' id='word_1_8' title='bbox 373 803 578 872; x_wconf 88' lang='lat' dir='ltr'>orationem</span> <span class='ocrx_word' id='word_1_9' title='bbox 612 797 825 885; x_wconf 78' lang='lat' dir='ltr'>Quartillae.</span> <span class='ocrx_word' id='word_1_10' title='bbox 852 803 994 890; x_wconf 77' lang='lat' dir='ltr'>„Ideo&#39;&#39;,</span> <span class='ocrx_word' id='word_1_11' title='bbox 1018 802 1155 888; x_wconf 89' lang='lat' dir='ltr'>inquit,</span> <span class='ocrx_word' id='word_1_12' title='bbox 1182 804 1304 889; x_wconf 85' lang='lat' dir='ltr'>„vetui</span> <span class='ocrx_word' id='word_1_13' title='bbox 1327 805 1436 874; x_wconf 89' lang='lat' dir='ltr'>hodie</span> <span class='ocrx_word' id='word_1_14' title='bbox 1456 806 1493 874; x_wconf 93' lang='lat' dir='ltr'>in</span> 
     </span>
    </p>
   </div>
   <div class='ocr_carea' id='block_1_3' title="bbox 371 935 1492 1022">
    <p class='ocr_par' dir='ltr' id='par_1_3' title="bbox 371 935 1492 1022">
     <span class='ocr_line' id='line_1_4' title="bbox 371 935 1492 1022; baseline 0.004 -19"><span class='ocrx_word' id='word_1_15' title='bbox 371 936 443 1005; x_wconf 90' lang='lat' dir='ltr'>hoc</span> <span class='ocrx_word' id='word_1_16' title='bbox 456 935 666 1005; x_wconf 87' lang='lat' dir='ltr'>deversorio</span> <span class='ocrx_word' id='word_1_17' title='bbox 684 958 903 1022; x_wconf 81' lang='lat' dir='ltr'>quemquam</span> <span class='ocrx_word' id='word_1_18' title='bbox 914 936 1124 1004; x_wconf 78' lang='lat' dir='ltr'>mortalium</span> <span class='ocrx_word' id='word_1_19' title='bbox 1138 937 1318 1007; x_wconf 84' lang='lat' dir='ltr'>admitti.&#39;’</span> <span class='ocrx_word' id='word_1_20' title='bbox 1330 937 1492 1020; x_wconf 88' lang='lat' dir='ltr'>Quorum</span> 
     </span>
    </p>
   </div>
   <div class='ocr_carea' id='block_1_4' title="bbox 358 1069 1496 4238">
    <p class='ocr_par' dir='ltr' id='par_1_4' title="bbox 358 1069 1496 4238">
     <span class='ocr_line' id='line_1_5' title="bbox 372 1069 1494 1160; baseline 0.004 -24"><span class='ocrx_word' id='word_1_21' title='bbox 372 1070 568 1139; x_wconf 89' lang='lat' dir='ltr'>verborum</span> <span class='ocrx_word' id='word_1_22' title='bbox 591 1069 773 1139; x_wconf 91' lang='lat' dir='ltr'>sententia</span> <span class='ocrx_word' id='word_1_23' title='bbox 792 1070 890 1139; x_wconf 91' lang='lat' dir='ltr'>haud</span> <span class='ocrx_word' id='word_1_24' title='bbox 911 1070 1067 1139; x_wconf 88' lang='lat' dir='ltr'>obscura</span> <span class='ocrx_word' id='word_1_25' title='bbox 1091 1071 1177 1158; x_wconf 71' lang='lat' dir='ltr'>erit,</span> <span class='ocrx_word' id='word_1_26' title='bbox 1201 1072 1231 1141; x_wconf 93' lang='lat' dir='ltr'>si</span> <span class='ocrx_word' id='word_1_27' title='bbox 1253 1094 1320 1158; x_wconf 91' lang='lat' dir='ltr'>pro</span> <span class='ocrx_word' id='word_1_28' title='bbox 1346 1072 1494 1160; x_wconf 85' lang='lat' dir='ltr'>„dever-</span> 
     </span>
     <span class='ocr_line' id='line_1_6' title="bbox 373 1203 1494 1291; baseline 0 -18"><span class='ocrx_word' id='word_1_29' title='bbox 373 1203 492 1273; x_wconf 86' lang='lat' dir='ltr'>sorio”</span> <span class='ocrx_word' id='word_1_30' title='bbox 528 1203 742 1273; x_wconf 91' lang='lat' dir='ltr'>restituetur</span> <span class='ocrx_word' id='word_1_31' title='bbox 772 1204 1073 1291; x_wconf 84' lang='lat' dir='ltr'>„deversorium&#39;‘.</span> <span class='ocrx_word' id='word_1_32' title='bbox 1098 1203 1146 1274; x_wconf 80' lang='lat' dir='ltr'>Et</span> <span class='ocrx_word' id='word_1_33' title='bbox 1169 1227 1318 1274; x_wconf 89' lang='lat' dir='ltr'>oausam</span> <span class='ocrx_word' id='word_1_34' title='bbox 1343 1205 1494 1274; x_wconf 88' lang='lat' dir='ltr'>vetandi</span> 
     </span>
     <span class='ocr_line' id='line_1_7' title="bbox 373 1336 1494 1424; baseline 0.003 -19"><span class='ocrx_word' id='word_1_35' title='bbox 373 1359 446 1406; x_wconf 91' lang='lat' dir='ltr'>uno</span> <span class='ocrx_word' id='word_1_36' title='bbox 477 1340 605 1406; x_wconf 90' lang='lat' dir='ltr'>tenore</span> <span class='ocrx_word' id='word_1_37' title='bbox 640 1336 760 1406; x_wconf 91' lang='lat' dir='ltr'>addit:</span> <span class='ocrx_word' id='word_1_38' title='bbox 798 1341 860 1424; x_wconf 81' lang='lat' dir='ltr'>„ut</span> <span class='ocrx_word' id='word_1_39' title='bbox 886 1337 1086 1406; x_wconf 90' lang='lat' dir='ltr'>remedium</span> <span class='ocrx_word' id='word_1_40' title='bbox 1117 1339 1298 1408; x_wconf 87' lang='lat' dir='ltr'>tertianae</span> <span class='ocrx_word' id='word_1_41' title='bbox 1320 1339 1397 1408; x_wconf 90' lang='lat' dir='ltr'>sine</span> <span class='ocrx_word' id='word_1_42' title='bbox 1417 1339 1494 1408; x_wconf 90' lang='lat' dir='ltr'>ulla</span> 
     </span>
     <span class='ocr_line' id='line_1_8' title="bbox 373 1467 1493 1556; baseline 0.004 -18"><span class='ocrx_word' id='word_1_43' title='bbox 373 1470 668 1556; x_wconf 74' lang='lat' dir='ltr'>interpellatione</span> <span class='ocrx_word' id='word_1_44' title='bbox 703 1493 725 1538; x_wconf 92' lang='lat' dir='ltr'>a</span> <span class='ocrx_word' id='word_1_45' title='bbox 748 1470 853 1540; x_wconf 89' lang='lat' dir='ltr'>vobis</span> <span class='ocrx_word' id='word_1_46' title='bbox 876 1467 1231 1556; x_wconf 51' lang='lat' dir='ltr'>acciperem&#39;t&#39;Tam</span> <span class='ocrx_word' id='word_1_47' title='bbox 1254 1473 1387 1542; x_wconf 87' lang='lat' dir='ltr'>misera</span> <span class='ocrx_word' id='word_1_48' title='bbox 1411 1495 1493 1542; x_wconf 89' lang='lat' dir='ltr'>oon·</span> 
     </span>
     <span class='ocr_line' id='line_1_9' title="bbox 374 1603 1493 1692; baseline 0.005 -20"><span class='ocrx_word' id='word_1_49' title='bbox 374 1603 517 1672; x_wconf 85' lang='lat' dir='ltr'>dicione</span> <span class='ocrx_word' id='word_1_50' title='bbox 548 1603 737 1690; x_wconf 91' lang='lat' dir='ltr'>proposita</span> <span class='ocrx_word' id='word_1_51' title='bbox 772 1603 873 1673; x_wconf 91' lang='lat' dir='ltr'>varie</span> <span class='ocrx_word' id='word_1_52' title='bbox 908 1605 1073 1674; x_wconf 83' lang='lat' dir='ltr'>adfectat</span> <span class='ocrx_word' id='word_1_53' title='bbox 1107 1607 1321 1692; x_wconf 89' lang='lat' dir='ltr'>pudicorum</span> <span class='ocrx_word' id='word_1_54' title='bbox 1354 1608 1493 1678; x_wconf 89' lang='lat' dir='ltr'>adules-</span> 
     </span>
     <span class='ocr_line' id='line_1_10' title="bbox 374 1730 1493 1826; baseline 0.004 -20"><span class='ocrx_word' id='word_1_55' title='bbox 374 1730 708 1806; x_wconf 77' lang='lat' dir='ltr'>centium&#39;animos.</span> <span class='ocrx_word' id='word_1_56' title='bbox 735 1737 909 1823; x_wconf 85' lang='lat' dir='ltr'>Ascyltus</span> <span class='ocrx_word' id='word_1_57' title='bbox 928 1739 1114 1825; x_wconf 89' lang='lat' dir='ltr'>paulisper</span> <span class='ocrx_word' id='word_1_58' title='bbox 1137 1739 1343 1826; x_wconf 78' lang='lat' dir='ltr'>obstupuit,</span> <span class='ocrx_word' id='word_1_59' title='bbox 1364 1741 1493 1810; x_wconf 82' lang='lat' dir='ltr'>llnool-</span> 
     </span>
     <span class='ocr_line' id='line_1_11' title="bbox 373 1871 1493 1958; baseline 0.004 -20"><span class='ocrx_word' id='word_1_60' title='bbox 373 1871 454 1956; x_wconf 90' lang='lat' dir='ltr'>pius</span> <span class='ocrx_word' id='word_1_61' title='bbox 493 1874 617 1941; x_wconf 91' lang='lat' dir='ltr'>autem</span> <span class='ocrx_word' id='word_1_62' title='bbox 659 1871 826 1958; x_wconf 86' lang='lat' dir='ltr'>frigidior</span> <span class='ocrx_word' id='word_1_63' title='bbox 867 1871 986 1941; x_wconf 89' lang='lat' dir='ltr'>hieme</span> <span class='ocrx_word' id='word_1_64' title='bbox 1021 1871 1164 1942; x_wconf 86' lang='lat' dir='ltr'>Gallica</span> <span class='ocrx_word' id='word_1_65' title='bbox 1198 1873 1319 1943; x_wconf 82' lang='lat' dir='ltr'>factus</span> <span class='ocrx_word' id='word_1_66' title='bbox 1353 1875 1493 1943; x_wconf 92' lang='lat' dir='ltr'>nullum</span> 
     </span>
     <span class='ocr_line' id='line_1_12' title="bbox 373 2003 1495 2093; baseline 0.004 -22"><span class='ocrx_word' id='word_1_67' title='bbox 373 2003 495 2087; x_wconf 89' lang='lat' dir='ltr'>potuit</span> <span class='ocrx_word' id='word_1_68' title='bbox 519 2003 670 2072; x_wconf 91' lang='lat' dir='ltr'>verbum</span> <span class='ocrx_word' id='word_1_69' title='bbox 691 2005 867 2074; x_wconf 90' lang='lat' dir='ltr'>emittere.</span> <span class='ocrx_word' id='word_1_70' title='bbox 881 2006 1055 2074; x_wconf 85' lang='lat' dir='ltr'>Animum</span> <span class='ocrx_word' id='word_1_71' title='bbox 1067 2009 1190 2076; x_wconf 90' lang='lat' dir='ltr'>tamen</span> <span class='ocrx_word' id='word_1_72' title='bbox 1203 2029 1276 2076; x_wconf 93' lang='lat' dir='ltr'>non</span> <span class='ocrx_word' id='word_1_73' title='bbox 1290 2007 1495 2093; x_wconf 79' lang='lat' dir='ltr'>despondet</span> 
     </span>
     <span class='ocr_line' id='line_1_13' title="bbox 373 2137 1494 2227; baseline 0.005 -23"><span class='ocrx_word' id='word_1_74' title='bbox 373 2139 413 2204; x_wconf 88' lang='lat' dir='ltr'>et</span> <span class='ocrx_word' id='word_1_75' title='bbox 443 2137 513 2204; x_wconf 90' lang='lat' dir='ltr'>hac</span> <span class='ocrx_word' id='word_1_76' title='bbox 546 2161 586 2206; x_wconf 89' lang='lat' dir='ltr'>re</span> <span class='ocrx_word' id='word_1_77' title='bbox 618 2139 855 2208; x_wconf 87' lang='lat' dir='ltr'>confirmatur</span> <span class='ocrx_word' id='word_1_78' title='bbox 886 2141 983 2225; x_wconf 94' lang='lat' dir='ltr'>quod</span> <span class='ocrx_word' id='word_1_79' title='bbox 1016 2140 1134 2225; x_wconf 92' lang='lat' dir='ltr'>probe</span> <span class='ocrx_word' id='word_1_80' title='bbox 1159 2141 1291 2227; x_wconf 81' lang='lat' dir='ltr'>sentit,</span> <span class='ocrx_word' id='word_1_81' title='bbox 1317 2145 1494 2227; x_wconf 91' lang='lat' dir='ltr'>quantum</span> 
     </span>
     <span class='ocr_line' id='line_1_14' title="bbox 374 2270 1496 2360; baseline 0.007 -24"><span class='ocrx_word' id='word_1_82' title='bbox 374 2270 451 2354; x_wconf 88' lang='lat' dir='ltr'>ipse</span> <span class='ocrx_word' id='word_1_83' title='bbox 485 2292 568 2338; x_wconf 88' lang='lat' dir='ltr'>oum</span> <span class='ocrx_word' id='word_1_84' title='bbox 603 2271 823 2341; x_wconf 70' lang='lat' dir='ltr'>administris</span> <span class='ocrx_word' id='word_1_85' title='bbox 857 2273 930 2342; x_wconf 87' lang='lat' dir='ltr'>suis</span> <span class='ocrx_word' id='word_1_86' title='bbox 962 2295 1155 2359; x_wconf 90' lang='lat' dir='ltr'>corporum</span> <span class='ocrx_word' id='word_1_87' title='bbox 1177 2273 1313 2344; x_wconf 89' lang='lat' dir='ltr'>viribus</span> <span class='ocrx_word' id='word_1_88' title='bbox 1332 2278 1496 2360; x_wconf 88' lang='lat' dir='ltr'>praestet</span> 
     </span>
     <span class='ocr_line' id='line_1_15' title="bbox 373 2404 1493 2494; baseline 0.002 -21"><span class='ocrx_word' id='word_1_89' title='bbox 373 2404 490 2474; x_wconf 91' lang='lat' dir='ltr'>tribus</span> <span class='ocrx_word' id='word_1_90' title='bbox 523 2405 745 2476; x_wconf 87' lang='lat' dir='ltr'>mulierculis</span> <span class='ocrx_word' id='word_1_91' title='bbox 779 2406 1040 2476; x_wconf 86' lang='lat' dir='ltr'>infirmissimis.</span> <span class='ocrx_word' id='word_1_92' title='bbox 1065 2407 1207 2477; x_wconf 87' lang='lat' dir='ltr'>Deinde</span> <span class='ocrx_word' id='word_1_93' title='bbox 1227 2407 1493 2494; x_wconf 84' lang='lat' dir='ltr'>cogitationum</span> 
     </span>
     <span class='ocr_line' id='line_1_16' title="bbox 375 2539 1494 2630; baseline 0.004 -24"><span class='ocrx_word' id='word_1_94' title='bbox 375 2539 452 2609; x_wconf 92' lang='lat' dir='ltr'>eius</span> <span class='ocrx_word' id='word_1_95' title='bbox 483 2540 572 2609; x_wconf 94' lang='lat' dir='ltr'>ordo</span> <span class='ocrx_word' id='word_1_96' title='bbox 604 2540 656 2610; x_wconf 92' lang='lat' dir='ltr'>sic</span> <span class='ocrx_word' id='word_1_97' title='bbox 679 2541 912 2628; x_wconf 83' lang='lat' dir='ltr'>progreditur</span> <span class='ocrx_word' id='word_1_98' title='bbox 921 2565 935 2610; x_wconf 32' lang='lat' dir='ltr'>:f</span> <span class='ocrx_word' id='word_1_99' title='bbox 956 2545 1014 2630; x_wconf 85' lang='lat' dir='ltr'>„et</span> <span class='ocrx_word' id='word_1_100' title='bbox 1036 2541 1237 2627; x_wconf 86' lang='lat' dir='ltr'>praecincti</span> <span class='ocrx_word' id='word_1_101' title='bbox 1261 2545 1360 2611; x_wconf 88' lang='lat' dir='ltr'>certe</span> <span class='ocrx_word' id='word_1_102' title='bbox 1385 2542 1494 2610; x_wconf 91' lang='lat' dir='ltr'>altius</span> 
     </span>
     <span class='ocr_line' id='line_1_17' title="bbox 376 2676 1494 2764; baseline -0.001 -19"><span class='ocrx_word' id='word_1_103' title='bbox 376 2698 528 2746; x_wconf 84' lang='lat' dir='ltr'>eramus</span> <span class='ocrx_word' id='word_1_104' title='bbox 560 2676 672 2744; x_wconf 90' lang='lat' dir='ltr'>immo</span> <span class='ocrx_word' id='word_1_105' title='bbox 699 2699 768 2764; x_wconf 78' lang='lat' dir='ltr'>ego</span> <span class='ocrx_word' id='word_1_106' title='bbox 793 2676 845 2745; x_wconf 87' lang='lat' dir='ltr'>sic</span> <span class='ocrx_word' id='word_1_107' title='bbox 867 2677 941 2745; x_wconf 90' lang='lat' dir='ltr'>iam</span> <span class='ocrx_word' id='word_1_108' title='bbox 964 2677 1068 2762; x_wconf 89' lang='lat' dir='ltr'>paria</span> <span class='ocrx_word' id='word_1_109' title='bbox 1090 2699 1386 2763; x_wconf 81' lang='lat' dir='ltr'>composueram,</span> <span class='ocrx_word' id='word_1_110' title='bbox 1410 2679 1452 2744; x_wconf 91' lang='lat' dir='ltr'>ut</span> <span class='ocrx_word' id='word_1_111' title='bbox 1464 2676 1494 2746; x_wconf 88' lang='lat' dir='ltr'>si</span> 
     </span>
     <span class='ocr_line' id='line_1_18' title="bbox 376 2810 1493 2898; baseline -0.001 -19"><span class='ocrx_word' id='word_1_112' title='bbox 376 2811 658 2898; x_wconf 83' lang='lat' dir='ltr'>depugnandum</span> <span class='ocrx_word' id='word_1_113' title='bbox 693 2811 799 2897; x_wconf 78' lang='lat' dir='ltr'>foret,</span> <span class='ocrx_word' id='word_1_114' title='bbox 830 2811 907 2898; x_wconf 89' lang='lat' dir='ltr'>ipse</span> <span class='ocrx_word' id='word_1_115' title='bbox 931 2834 1014 2879; x_wconf 91' lang='lat' dir='ltr'>cum</span> <span class='ocrx_word' id='word_1_116' title='bbox 1039 2810 1216 2893; x_wconf 80' lang='lat' dir='ltr'>Quartilla</span> <span class='ocrx_word' id='word_1_117' title='bbox 1239 2811 1493 2895; x_wconf 78' lang='lat' dir='ltr'>consisterem,</span> 
     </span>
     <span class='ocr_line' id='line_1_19' title="bbox 376 2943 1494 3031; baseline -0.001 -18"><span class='ocrx_word' id='word_1_118' title='bbox 376 2945 551 3030; x_wconf 89' lang='lat' dir='ltr'>Ascyltus</span> <span class='ocrx_word' id='word_1_119' title='bbox 575 2966 657 3012; x_wconf 89' lang='lat' dir='ltr'>cum</span> <span class='ocrx_word' id='word_1_120' title='bbox 682 2945 833 3030; x_wconf 84' lang='lat' dir='ltr'>ancilla,</span> <span class='ocrx_word' id='word_1_121' title='bbox 852 2943 964 3014; x_wconf 82' lang='lat' dir='ltr'>Giton</span> <span class='ocrx_word' id='word_1_122' title='bbox 982 2967 1065 3014; x_wconf 88' lang='lat' dir='ltr'>cum</span> <span class='ocrx_word' id='word_1_123' title='bbox 1080 2943 1251 3031; x_wconf 78' lang='lat' dir='ltr'>virgine’&#39;.</span> <span class='ocrx_word' id='word_1_124' title='bbox 1266 2943 1368 3026; x_wconf 83' lang='lat' dir='ltr'>Quae</span> <span class='ocrx_word' id='word_1_125' title='bbox 1382 2944 1494 3013; x_wconf 89' lang='lat' dir='ltr'>verba</span> 
     </span>
     <span class='ocr_line' id='line_1_20' title="bbox 376 3077 1493 3166; baseline -0.002 -18"><span class='ocrx_word' id='word_1_126' title='bbox 376 3078 514 3164; x_wconf 92' lang='lat' dir='ltr'>optime</span> <span class='ocrx_word' id='word_1_127' title='bbox 555 3077 741 3146; x_wconf 88' lang='lat' dir='ltr'>illustrant</span> <span class='ocrx_word' id='word_1_128' title='bbox 779 3077 864 3147; x_wconf 92' lang='lat' dir='ltr'>belli</span> <span class='ocrx_word' id='word_1_129' title='bbox 897 3079 1046 3166; x_wconf 84' lang='lat' dir='ltr'>gerendi</span> <span class='ocrx_word' id='word_1_130' title='bbox 1080 3078 1261 3147; x_wconf 88' lang='lat' dir='ltr'>rationem</span> <span class='ocrx_word' id='word_1_131' title='bbox 1295 3078 1342 3146; x_wconf 89' lang='lat' dir='ltr'>ab</span> <span class='ocrx_word' id='word_1_132' title='bbox 1374 3078 1493 3147; x_wconf 92' lang='lat' dir='ltr'>amico</span> 
     </span>
     <span class='ocr_line' id='line_1_21' title="bbox 376 3210 1492 3304; baseline 0.001 -24"><span class='ocrx_word' id='word_1_133' title='bbox 376 3215 502 3280; x_wconf 86' lang='lat' dir='ltr'>nostro</span> <span class='ocrx_word' id='word_1_134' title='bbox 523 3211 752 3296; x_wconf 88' lang='lat' dir='ltr'>descriptam.</span> <span class='ocrx_word' id='word_1_135' title='bbox 776 3210 847 3282; x_wconf 86' lang='lat' dir='ltr'>Sed</span> <span class='ocrx_word' id='word_1_136' title='bbox 860 3212 1086 3281; x_wconf 82' lang='lat' dir='ltr'>offenditme</span> <span class='ocrx_word' id='word_1_137' title='bbox 1099 3212 1314 3281; x_wconf 88' lang='lat' dir='ltr'>adverbium</span> <span class='ocrx_word' id='word_1_138' title='bbox 1329 3211 1492 3304; x_wconf 75' lang='lat' dir='ltr'>‚‚imm0”,</span> 
     </span>
     <span class='ocr_line' id='line_1_22' title="bbox 377 3345 1493 3433; baseline 0.001 -19"><span class='ocrx_word' id='word_1_139' title='bbox 377 3346 472 3432; x_wconf 92' lang='lat' dir='ltr'>quod</span> <span class='ocrx_word' id='word_1_140' title='bbox 508 3346 568 3415; x_wconf 91' lang='lat' dir='ltr'>hio</span> <span class='ocrx_word' id='word_1_141' title='bbox 603 3348 706 3414; x_wconf 89' lang='lat' dir='ltr'>caret</span> <span class='ocrx_word' id='word_1_142' title='bbox 741 3346 890 3432; x_wconf 86' lang='lat' dir='ltr'>cognita</span> <span class='ocrx_word' id='word_1_143' title='bbox 924 3368 990 3414; x_wconf 92' lang='lat' dir='ltr'>sua</span> <span class='ocrx_word' id='word_1_144' title='bbox 1026 3347 1062 3412; x_wconf 88' lang='lat' dir='ltr'>vi</span> <span class='ocrx_word' id='word_1_145' title='bbox 1093 3345 1269 3432; x_wconf 85' lang='lat' dir='ltr'>negativa</span> <span class='ocrx_word' id='word_1_146' title='bbox 1300 3350 1337 3416; x_wconf 89' lang='lat' dir='ltr'>et</span> <span class='ocrx_word' id='word_1_147' title='bbox 1360 3349 1493 3433; x_wconf 88' lang='lat' dir='ltr'>perspi-</span> 
     </span>
     <span class='ocr_line' id='line_1_23' title="bbox 378 3480 1492 3568; baseline 0.002 -20"><span class='ocrx_word' id='word_1_148' title='bbox 378 3480 495 3549; x_wconf 88' lang='lat' dir='ltr'>cuitas</span> <span class='ocrx_word' id='word_1_149' title='bbox 519 3481 722 3549; x_wconf 92' lang='lat' dir='ltr'>sententiae</span> <span class='ocrx_word' id='word_1_150' title='bbox 746 3480 956 3563; x_wconf 86' lang='lat' dir='ltr'>adiuvetur,</span> <span class='ocrx_word' id='word_1_151' title='bbox 981 3481 1019 3549; x_wconf 94' lang='lat' dir='ltr'>ni</span> <span class='ocrx_word' id='word_1_152' title='bbox 1042 3480 1169 3565; x_wconf 78' lang='lat' dir='ltr'>fallor,</span> <span class='ocrx_word' id='word_1_153' title='bbox 1194 3481 1223 3550; x_wconf 90' lang='lat' dir='ltr'>si</span> <span class='ocrx_word' id='word_1_154' title='bbox 1247 3503 1313 3566; x_wconf 92' lang='lat' dir='ltr'>pro</span> <span class='ocrx_word' id='word_1_155' title='bbox 1340 3481 1492 3568; x_wconf 82' lang='lat' dir='ltr'>„immo”</span> 
     </span>
     <span class='ocr_line' id='line_1_24' title="bbox 377 3589 1494 3702; baseline 0 -19"><span class='ocrx_word' id='word_1_156' title='bbox 377 3614 576 3684; x_wconf 87' lang='lat' dir='ltr'>scribamus</span> <span class='ocrx_word' id='word_1_157' title='bbox 606 3614 771 3702; x_wconf 84' lang='lat' dir='ltr'>„animo”</span> <span class='ocrx_word' id='word_1_158' title='bbox 796 3589 833 3684; x_wconf 87' lang='lat' dir='ltr'>et</span> <span class='ocrx_word' id='word_1_159' title='bbox 856 3636 921 3701; x_wconf 94' lang='lat' dir='ltr'>pro</span> <span class='ocrx_word' id='word_1_160' title='bbox 947 3614 1060 3702; x_wconf 81' lang='lat' dir='ltr'>„ego”</span> <span class='ocrx_word' id='word_1_161' title='bbox 1077 3655 1120 3662; x_wconf 94' lang='lat'><em>-</em></span> <span class='ocrx_word' id='word_1_162' title='bbox 1142 3615 1239 3700; x_wconf 93' lang='lat' dir='ltr'>quod</span> <span class='ocrx_word' id='word_1_163' title='bbox 1258 3618 1382 3684; x_wconf 90' lang='lat' dir='ltr'>tamen</span> <span class='ocrx_word' id='word_1_164' title='bbox 1406 3615 1494 3684; x_wconf 90' lang='lat' dir='ltr'>mihi</span> 
     </span>
     <span class='ocr_line' id='line_1_25' title="bbox 358 3741 1492 3836; baseline -0.004 -16"><span class='ocrx_word' id='word_1_165' title='bbox 358 3741 450 3820; x_wconf 66' lang='lat' dir='ltr'>&#39;non</span> <span class='ocrx_word' id='word_1_166' title='bbox 491 3748 735 3818; x_wconf 87' lang='lat' dir='ltr'>necessarium</span> <span class='ocrx_word' id='word_1_167' title='bbox 788 3771 865 3821; x_wconf 89' lang='lat' dir='ltr'>esse</span> <span class='ocrx_word' id='word_1_168' title='bbox 904 3749 1050 3818; x_wconf 85' lang='lat' dir='ltr'>videtur</span> <span class='ocrx_word' id='word_1_169' title='bbox 1092 3790 1136 3796; x_wconf 86' lang='lat'>-—</span> <span class='ocrx_word' id='word_1_170' title='bbox 1172 3748 1312 3836; x_wconf 82' lang='lat' dir='ltr'>„ergo”.</span> <span class='ocrx_word' id='word_1_171' title='bbox 1349 3748 1492 3817; x_wconf 82' lang='lat' dir='ltr'>Etenim</span> 
     </span>
     <span class='ocr_line' id='line_1_26' title="bbox 375 3883 1495 3969; baseline -0.002 -17"><span class='ocrx_word' id='word_1_172' title='bbox 375 3883 534 3953; x_wconf 89' lang='lat' dir='ltr'>lectione</span> <span class='ocrx_word' id='word_1_173' title='bbox 586 3883 775 3969; x_wconf 91' lang='lat' dir='ltr'>proposita</span> <span class='ocrx_word' id='word_1_174' title='bbox 815 3883 853 3951; x_wconf 92' lang='lat' dir='ltr'>in</span> <span class='ocrx_word' id='word_1_175' title='bbox 900 3885 1112 3952; x_wconf 85' lang='lat' dir='ltr'>contextum</span> <span class='ocrx_word' id='word_1_176' title='bbox 1158 3885 1307 3968; x_wconf 90' lang='lat' dir='ltr'>recepta</span> <span class='ocrx_word' id='word_1_177' title='bbox 1352 3883 1495 3953; x_wconf 90' lang='lat' dir='ltr'>tollitur</span> 
     </span>
     <span class='ocr_line' id='line_1_27' title="bbox 377 4015 1495 4103; baseline -0.004 -17"><span class='ocrx_word' id='word_1_178' title='bbox 377 4017 593 4103; x_wconf 78' lang='lat' dir='ltr'>difficultas,</span> <span class='ocrx_word' id='word_1_179' title='bbox 629 4040 738 4102; x_wconf 90' lang='lat' dir='ltr'>quam</span> <span class='ocrx_word' id='word_1_180' title='bbox 772 4017 924 4102; x_wconf 90' lang='lat' dir='ltr'>praebet</span> <span class='ocrx_word' id='word_1_181' title='bbox 958 4039 1032 4085; x_wconf 82' lang='lat' dir='ltr'>vox</span> <span class='ocrx_word' id='word_1_182' title='bbox 1068 4017 1222 4103; x_wconf 83' lang='lat' dir='ltr'>„immo”</span> <span class='ocrx_word' id='word_1_183' title='bbox 1255 4020 1292 4085; x_wconf 90' lang='lat' dir='ltr'>et</span> <span class='ocrx_word' id='word_1_184' title='bbox 1314 4015 1495 4085; x_wconf 87' lang='lat' dir='ltr'>sententia</span> 
     </span>
     <span class='ocr_line' id='line_1_28' title="bbox 377 4150 1009 4238; baseline -0.003 -20"><span class='ocrx_word' id='word_1_185' title='bbox 377 4150 484 4219; x_wconf 90' lang='lat' dir='ltr'>huius</span> <span class='ocrx_word' id='word_1_186' title='bbox 507 4151 580 4221; x_wconf 93' lang='lat' dir='ltr'>looi</span> <span class='ocrx_word' id='word_1_187' title='bbox 604 4151 720 4238; x_wconf 83' lang='lat' dir='ltr'>magis</span> <span class='ocrx_word' id='word_1_188' title='bbox 743 4152 786 4218; x_wconf 93' lang='lat' dir='ltr'>fit</span> <span class='ocrx_word' id='word_1_189' title='bbox 808 4150 1009 4238; x_wconf 88' lang='lat' dir='ltr'>perspicua.</span> 
     </span>
    </p>
   </div>
   <div class='ocr_carea' id='block_1_5' title="bbox 0 0 1671 5284">
    <p class='ocr_par' dir='ltr' id='par_1_5' title="bbox 0 0 1671 5284">
     <span class='ocr_line' id='line_1_29' title="bbox 0 0 1671 5284; baseline 0 0"><span class='ocrx_word' id='word_1_190' title='bbox 0 0 1671 5284; x_wconf 95' lang='lat' dir='ltr'> </span> 
     </span>
    </p>
   </div>
  </div>
 </body>
</html>
