3322 5290
10 4200 32 4278 ζ)

717 465 759 531 43

173 699 354 781 mutaret,
392 697 455 766 scd
491 696 703 765 coniectura
726 696 802 764 eius
825 717 997 781 magnam
1021 693 1178 779 speciem
1203 693 1294 762 veri-

174 831 266 900 tatis
308 853 396 916 prae
431 853 469 899 se
503 831 576 898 fert
609 852 726 915 neque
761 829 849 898 mihi
885 828 1046 915 suppetit
1081 829 1294 914 quicquam,

175 966 275 1050 quod
299 963 332 1032 ei
352 963 647 1048 anteponendum
669 963 848 1032 videatur.

221 1096 419 1183 Encolpius
455 1098 552 1167 solus
587 1097 736 1166 relictus
770 1097 807 1165 in
838 1097 1065 1182 deversori0,
1101 1098 1295 1182 postquam

175 1231 337 1300 lacrimis
368 1230 536 1317 indulsit,
561 1231 684 1301 sedem
706 1234 850 1300 mutare
875 1230 1073 1300 constituit.
1100 1229 1200 1299 Vasa
1224 1231 1295 1299 col-

175 1365 260 1452 ligit
294 1367 332 1434 et
366 1368 526 1434 maestus
563 1364 705 1451 „locum
735 1366 915 1433 secretum
944 1363 1043 1432 litori
1066 1363 1295 1448 proximum'

177 1500 361 1569 conducit.
397 1499 471 1585 Ibi,
506 1522 588 1568 cum
619 1521 683 1583 per
714 1498 875 1567 triduum
897 1497 1097 1583 parietibus
1121 1520 1159 1566 se
1184 1497 1295 1566 conti-

176 1635 299 1717 neret,
324 1632 527 1701 abundavit
548 1635 713 1717 tempore
737 1635 778 1700 ut
799 1631 837 1700 in
855 1629 1047 1715 absentes,
1072 1652 1162 1716 quos
1186 1634 1296 1699 antea

178 1766 316 1835 amicos
357 1764 535 1850 habebat,
578 1765 671 1832 iram
706 1764 912 1834 efiu'nderet
946 1768 982 1833 et
1013 1764 1136 1833 omnia
1170 1785 1295 1833 eorum

178 1898 318 1968 scelera
341 1921 385 1967 ac
407 1898 551 1985 flagitia
573 1899 609 1967 in
629 1899 842 1968 memoriam
863 1899 929 1968 sibi
949 1902 1151 1968 revocaret.
1166 1898 1296 1981 Quam-

179 2057 288 2120 quam
319 2034 524 2102 laudandus
556 2037 611 2102 est
633 2031 671 2101 in
695 2055 756 2118 ec,
781 2033 879 2119 quod
903 2055 969 2102 sua
993 2055 1137 2119 quoque
1160 2032 1297 2102 delicta

179 2167 301 2236 animo
325 2169 454 2253 aperto
479 2167 684 2236 confitetur.
709 2167 793 2236 Non
817 2167 1030 2253 ecquidem
1054 2167 1206 2238 consilio
1219 2170 1296 2236 tam

179 2324 306 2370 amans
341 2302 419 2371 veri
450 2304 522 2386 est,
555 2304 595 2369 ut
627 2301 781 2386 simplici
805 2301 1031 2371 confessione
1052 2301 1297 2372 conscientiae

179 2457 321 2506 morsus
343 2435 474 2512 leniat,
500 2435 563 2505 sed
586 2438 727 2521 tamen,
752 2459 972 2522 quamquam
992 2435 1028 2504 id
1040 2437 1296 2504 tantummodo

180 2569 275 2656 agit,
300 2572 343 2637 ut
366 2570 537 2640 ostendat
559 2571 709 2656 propter
732 2570 935 2656 audaciam,
958 2593 1068 2655 quam
1080 2569 1117 2638 in
1128 2569 1297 2638 facinori-

179 2704 246 2772 bus
292 2703 493 2789 praestitit,
539 2702 688 2772 meliore
724 2701 875 2771 fortuna
909 2726 948 2771 se
983 2703 1132 2789 dignum
1167 2702 1296 2789 fuisse,

180 2839 336 2908 libenter
360 2839 392 2907 ei
417 2840 610 2922 acceptum
633 2837 841 2920 referimuS,
866 2838 961 2923 quod
986 2838 1023 2906 in
1046 2836 1190 2906 ratione
1214 2859 1297 2905 con·

180 2971 338 3041 ficicnda
372 2993 459 3040 suae
495 2971 594 3039 vitae
625 2993 698 3039 non
730 2971 967 3040 obliviscitur.
992 2970 1200 3040 Dolendum
1224 2973 1296 3056 est,

180 3106 278 3191 quod
310 3105 346 3174 in
381 3104 540 3174 tenebris
564 3127 770 3190 versamur,
795 3109 1028 3191 quaerentes
1054 3106 1101 3174 ad
1125 3129 1215 3192 quas
1240 3129 1297 3175 res

180 3239 363 3308 maleficia
403 3239 479 3307 cius
521 3237 738 3323 pertineant.
780 3238 893 3307 Velut
936 3261 1018 3307 cum
1062 3240 1155 3309 haec
1190 3240 1296 3310 dicit:

183 3371 319 3458 „effugi
342 3371 532 3458 iudicium,
563 3371 723 3440 harenae
746 3371 919 3457 imposui,
944 3372 1125 3457 hospitem
1138 3373 1256 3441 occidi
1267 3373 1297 3459 ,''

181 3527 411 3592 nequaquam
435 3528 455 3574 e
480 3505 600 3574 satiris
624 3527 750 3574 eruere
769 3528 978 3591 possumus,
1003 3506 1099 3591 quod
1123 3506 1298 3575 iudicium

183 3640 288 3724 velit,
324 3663 432 3726 quem
455 3617 636 3724 hospitem
659 3638 852 3725 occiderit,
877 3661 960 3707 cum
984 3639 1035 3708 vis
1055 3639 1201 3708 illorum
1222 3663 1298 3709 ver-

181 3775 328 3860 borum,
383 3776 562 3862 „harenae
610 3775 788 3861 imposui’'
829 3774 918 3842 mihi
961 3774 1106 3860 quidem
1152 3796 1298 3859 prorsus

183 3909 336 3978 obscura
377 3909 433 3979 sit.
477 3908 615 3978 Verum
656 3909 764 3978 istam
799 3908 1061 3978 obscuritatem
1094 3907 1297 3976 tribuamus

182 4043 335 4112 miserae
370 4042 575 4111 condicioni
604 4042 723 4128 operis
754 4042 869 4110 nostri
901 4045 939 4111 et
969 4065 1172 4130 pergamus.
1197 4042 1298 4112 Post-

185 4200 291 4262 quam
327 4176 570 4247 fervidissima
604 4177 770 4245 oratione
799 4177 1001 4262 nequitiam
1028 4177 1171 4262 'Ascylti
1195 4177 1299 4246 nobis
