3322 5290
328 1184 805 1268 ANIMADvuRsloNrs
833 1182 1204 1267 Puruoulluuu.

252 1611 377 1696 Nuper
422 1611 511 1679 mihi
553 1612 765 1684 Petronium
805 1611 967 1680 maxima
1009 1633 1093 1679 cum
1134 1610 1326 1696 voluptate

207 1745 409 1831 perlegenti
437 1745 642 1831 complures
665 1745 903 1814 difficultates
926 1745 1080 1813 obortae
1105 1746 1206 1828 sunt,
1232 1765 1326 1828 quae

206 1879 306 1947 haud
328 1879 500 1966 indignae
523 1879 613 1947 mihi
636 1879 737 1949 visae
760 1881 862 1963 sunt,
888 1901 977 1964 quas
1000 1878 1038 1945 in
1062 1876 1221 1946 medium
1244 1899 1326 1963 pro·

206 2013 338 2082 ferrem
381 2013 490 2099 idque
531 2012 647 2099 magis
689 2016 731 2081 ut
764 2011 901 2080 iudicio
936 2011 1099 2080 virorum
1133 2011 1326 2079 doctorum

207 2145 433 2214 subiciantur
455 2168 564 2230 quam
588 2146 686 2230 quod
709 2144 799 2212 mihi
819 2143 946 2212 videar
966 2167 1027 2213 eas
1047 2144 1191 2213 solvere
1209 2165 1325 2228 posse.

207 2276 393 2359 Quaedam
420 2300 545 2347 earum
568 2278 736 2363 proiecto
761 2301 826 2347 cae
850 2281 951 2360 sunt,
976 2277 1021 2345 dc
1045 2276 1174 2362 quibus
1197 2274 1326 2344 tollen·

207 2411 262 2479 dis
295 2410 333 2478 in
364 2414 581 2496 perpetuum
605 2411 871 2496 desperandum
895 2413 968 2495 est,
994 2409 1088 2477 aliae
1112 2430 1219 2494 vero,
1243 2430 1326 2476 mea

208 2543 352 2629 quidem
388 2543 585 2628 sententia,
620 2543 804 2612 communi
838 2542 991 2612 consilio
1027 2540 1186 2627 persolvi
1220 2562 1326 2626 posse

207 2676 387 2744 videntur.
423 2675 494 2746 Sed
531 2680 571 2745 ut
601 2677 671 2746 rite
704 2699 748 2745 ac
771 2677 867 2747 iuste
890 2676 972 2746 illas
996 2675 1226 2762 quaestiones
1248 2697 1326 2760 per·

206 2811 425 2895 pendamus,
460 2813 581 2879 totum
605 2814 861 2897 argumentum
884 2809 968 2878 libri
990 2809 1106 2878 nostri
1132 2807 1327 2894 diligenter

208 2943 476 3012 consideremus
510 2966 554 3012 ac
587 2966 858 3028 recenseamuS‚
893 2942 1010 3012 secuti
1044 2945 1186 3010 textum
1218 2962 1325 3026 quem

208 3078 399 3148 constituit
432 3077 688 3146 Buechelerus.
725 3077 848 3146 Prima
883 3076 1010 3160 verba,
1047 3097 1140 3161 quae
1171 3074 1325 3160 legimus

206 3212 243 3280 in
268 3235 312 3280 ea
334 3215 441 3297 parte
464 3210 583 3297 operis
607 3233 700 3296 quae
723 3210 828 3278 nobis
847 3212 995 3279 servata
1014 3212 1087 3294 est,
1108 3210 1193 3277 sunt
1212 3206 1326 3274 verba

207 3344 392 3430 Encolpii,
425 3344 486 3430 qui
515 3344 650 3429 primas
680 3347 803 3429 partes
834 3343 912 3430 agit
942 3343 979 3411 in
1004 3364 1114 3428 opere
1137 3344 1264 3410 nostro
1289 3343 1327 3408 ct

207 3478 311 3546 nobis
345 3481 472 3546 narrat
508 3499 613 3545 casus
648 3480 686 3545 et
719 3499 929 3560 aerumnas,
965 3476 1094 3562 quibus
1126 3475 1164 3542 in
1195 3473 1326 3542 itincre

207 3631 272 3678 suo
293 3610 350 3678 vel
372 3610 493 3694 potius
513 3610 694 3678 erroribus
713 3609 786 3678 suis
806 3609 1019 3694 perfunctus
1032 3610 1096 3677 est.
1110 3608 1154 3674 In
1166 3605 1326 3675 medium

207 3764 410 3811 sermonem
441 3743 518 3812 eius
549 3742 741 3811 incidimus
773 3764 844 3828 quo
874 3741 1060 3810 invehitur
1084 3740 1121 3807 in
1145 3739 1326 3807 rationem

208 3898 280 3961 qua
309 3876 421 3962 ipsius
457 3879 580 3945 aetate
614 3877 717 3962 pueri
753 3877 963 3946 educentur.
988 3873 1161 3944 Graviter
1182 3872 1326 3941 incusat

207 4008 389 4094 rhetores,
426 4009 487 4096 qui
523 4009 647 4096 „furiis
681 4009 896 4096 inquietati'’
932 4030 1064 4093 pueros
1100 4007 1173 4074 alia
1203 4005 1327 4075 omnia

207 4141 365 4210 doceant
399 4146 545 4226 praeter
581 4165 749 4228 eaquae
780 4143 817 4211 in
848 4165 914 4211 usu
945 4142 1159 4210 habeantur.
1185 4140 1326 4209 Deinde
