3322 5290
910 456 955 522 44

372 687 536 772 depinxit
570 690 607 755 et
641 709 741 771 eum,
780 687 820 753 ut
854 685 907 754 ait
942 685 1071 754 Cicero
1103 685 1148 754 de
1179 685 1228 753 Μ.
1259 684 1441 771 Antoni0,
1466 707 1488 752 a

370 843 484 908 puero
514 822 688 907 inspexit,
721 819 884 889 deflectit
908 820 953 888 ad
977 818 1130 905 Gitona,
1155 841 1261 904 quem
1285 818 1384 887 hisce
1409 840 1487 887 ver·

371 955 424 1025 bis
458 933 562 1024 nobis
594 954 843 1036 commendat;
874 953 980 1040 „quid
999 952 1061 1022 ille
1077 952 1203 1022 alter?
1227 952 1288 1038 qui
1310 955 1488 1038 tanquam

371 1088 429 1157 die
459 1091 571 1175 togae
600 1088 714 1157 virilis
738 1085 872 1156 stolam
896 1085 1065 1172 sumpsit,
1091 1086 1152 1171 qui
1175 1107 1221 1153 ne
1247 1085 1303 1152 vir
1326 1088 1440 1171 esset,
1465 1109 1488 1154 a

371 1223 487 1290 matre
517 1243 710 1306 persuasus
742 1223 814 1307 est,
841 1220 903 1306 qui
926 1242 1016 1305 opus
1040 1219 1216 1289 muliebre
1240 1219 1277 1287 in
1301 1219 1486 1305 ergastulo

370 1354 477 1439 fecit,
519 1354 582 1440 qui
622 1357 816 1439 postquam
859 1353 1095 1422 conturbavit
1133 1356 1171 1422 et
1204 1352 1364 1422 libidinis
1399 1375 1487 1421 suae

370 1486 488 1556 solum
513 1487 636 1570 vertit,
661 1486 809 1572 reliquit
832 1487 966 1556 veteris
990 1485 1174 1555 amicitiae
1197 1508 1331 1556 nomen
1354 1490 1401 1572 et,
1420 1508 1487 1572 pro

370 1621 502 1707 pudor,
534 1624 710 1707 tanquam
733 1621 864 1698 mulier
887 1620 1089 1690 secutuleia
1113 1622 1218 1692 unius
1241 1622 1360 1692 noctis
1382 1624 1486 1690 tactu

371 1756 493 1826 omnia
517 1755 713 1824 vendidit.''
737 1754 843 1825 Duae
867 1758 952 1825 sunt
974 1778 1031 1825 res
1054 1755 1090 1825 in
1114 1756 1186 1825 hoc
1208 1756 1309 1842 lonc,
1329 1757 1376 1824 ad
1396 1777 1487 1841 quas

369 1890 558 1959 hominum
581 1889 774 1958 doctorum
798 1888 924 1958 oculos
949 1912 1145 1960 conversos
1166 1890 1285 1959 velim.
1306 1889 1411 1958 Prior
1431 1893 1488 1958 est

372 2045 444 2092 vox
480 2022 716 2110 „tanquam”
751 2045 774 2090 a
808 2022 1035 2092 Buechelero
1059 2024 1162 2093 uncis
1186 2023 1344 2108 inclusa,
1369 2022 1487 2092 altera

372 2155 609 2240 vocabulum,
635 2156 734 2241 quod
761 2158 816 2226 est
841 2156 1130 2243 „conturbavit”
1154 2156 1259 2239 Quod
1282 2156 1417 2226 attinet
1439 2157 1486 2224 ad

369 2288 469 2356 illam
503 2310 599 2373 rem,
624 2310 669 2356 ex
694 2288 933 2358 annotatione
957 2289 1173 2360 Buecheleri
1198 2292 1367 2375 apparet,
1392 2289 1485 2359 ordi·

369 2445 452 2491 nem
487 2421 681 2491 verborum
716 2421 863 2491 illorum
897 2423 1012 2509 „alter
1046 2423 1107 2508 qui
1136 2427 1312 2508 tanquam
1343 2422 1424 2491 dia''
1448 2421 1485 2490 in

368 2555 469 2624 libris
510 2555 763 2641 perturbatum
806 2578 901 2641 esse,
937 2578 1044 2641 quem
1079 2556 1198 2624 editor
1229 2556 1268 2624 in
1302 2556 1485 2642 integrum

369 2689 561 2759 restituere
585 2691 738 2758 conatus
762 2692 826 2758 est.

413 2822 550 2907 Opinor
591 2844 675 2891 eum
716 2823 829 2908 paulo
864 2823 1008 2910 longius
1040 2823 1211 2909 progredi
1246 2823 1411 2893 debuisse
1447 2828 1484 2892 et

368 2979 498 3026 vocem
528 2957 745 3044 „tanquam”
770 2979 913 3042 quoque
936 2979 1008 3026 non
1032 2979 1138 3026 suum
1163 2956 1327 3026 obtinere
1350 2957 1482 3043 locum,

369 3114 479 3176 quam
502 3112 630 3161 vocem
654 3091 750 3159 inter
776 3090 878 3177 „qui”
903 3093 941 3160 et
961 3090 1063 3177 „die”
1082 3091 1256 3177 positam,
1277 3113 1349 3160 non
1369 3091 1482 3160 feren-

369 3225 452 3293 dam
488 3247 566 3293 esse
600 3223 708 3309 plane
743 3223 915 3293 concedo.
948 3222 1019 3293 Sed
1051 3223 1155 3309 quid,
1179 3223 1208 3291 si
1231 3223 1317 3291 huic
1340 3245 1482 3309 quoque

368 3357 550 3426 vocabulo
586 3357 698 3425 alium
729 3356 954 3443 assignemus
977 3356 1116 3441 locum,
1141 3356 1194 3424 ita
1218 3359 1367 3424 utente
1393 3359 1482 3443 „sto-

368 3490 463 3559 lam”
486 3491 608 3558 locum
633 3490 823 3559 obtineat?
848 3489 953 3572 Quod
976 3490 1006 3558 si
1029 3489 1240 3575 fecerimus,
1265 3512 1371 3559 nemo
1396 3490 1482 3576 erit,

369 3624 495 3707 cred0,
527 3646 633 3708 quem
663 3624 734 3692 hoc
757 3625 909 3693 verbum
933 3624 1108 3692 offendat.
1134 3623 1182 3691 Et
1205 3623 1370 3709 quamvis
1394 3623 1482 3691 mihi

368 3756 560 3842 displiceat
605 3757 744 3825 animos
784 3756 984 3844 legentium
1028 3780 1051 3824 a
1092 3757 1279 3842 proposito
1314 3760 1482 3826 avertere

366 3890 457 3960 locis
487 3891 572 3959 hino
603 3894 639 3959 et
665 3889 766 3958 illinc
789 3890 959 3975 sumptis,
983 3890 1106 3958 iacere
1128 3912 1202 3958 non
1224 3911 1372 3976 possum
1395 3889 1482 3975 quin

367 4025 427 4093 hic
472 4025 593 4093 locum
629 4023 907 4093 Ciceronianam
942 4025 1142 4110 proferam,
1179 4024 1240 4110 qui
1274 4023 1410 4111 legitur
1443 4024 1481 4091 in

368 4158 534 4226 oratione
557 4158 761 4242 Philippica
783 4158 952 4250 secunda.
977 4158 1043 4227 Est
1065 4158 1161 4228 enim
1185 4157 1305 4243 locuS,
1330 4158 1390 4243 qui
1404 4162 1482 4226 tan·

1633 4177 1642 4226 l
