3322 5290
879 445 923 514 20

341 676 496 762 „ostium
519 698 594 745 non
617 676 705 746 satis
729 677 861 746 audaci
881 675 1035 762 strepitu
1049 678 1218 747 exsonuit
1229 678 1457 763 impulsum''.

340 805 442 877 Silne
473 809 566 878 haec
588 809 701 878 lectio
725 833 815 878 vera
845 809 1060 896 subdubito,
1084 833 1187 896 nam,
1212 810 1311 898 quod
1334 811 1458 896 strepi·

339 945 416 1026 lus,
441 965 512 1028 quo
537 943 671 1012 ostium
695 945 880 1029 pulsatur,
903 966 977 1013 non
1001 944 1089 1013 salis
1109 944 1232 1012 audax
1251 942 1401 1028 dicitur,
1420 943 1458 1010 id

341 1076 438 1160 quod
471 1076 532 1146 hio
553 1077 659 1147 idem
683 1077 760 1147 fere
784 1078 885 1147 valet
908 1080 1019 1164 atque
1044 1076 1249 1163 „timidus''‚·
1270 1098 1343 1145 non
1366 1075 1458 1144 bene

340 1210 501 1280 concinit
524 1231 607 1278 cum
630 1210 787 1295 pallore,
808 1232 914 1296 quem
934 1210 972 1278 in
992 1209 1094 1296 genis
1107 1210 1308 1279 amicorum
1319 1212 1458 1278 nostro·

340 1365 420 1410 rum
442 1342 652 1410 cenantium
664 1342 788 1411 efficii.
802 1342 946 1412 Etenim
961 1342 1230 1429 subsequuntur
1241 1343 1334 1411 haec
1346 1341 1459 1410 verba

342 1497 445 1562 „cum
481 1467 519 1543 ei
551 1475 620 1560 ipsi
657 1496 744 1562 ergo
778 1474 906 1559 pallidi
937 1474 1171 1562 rogaremus''
1204 1493 1234 1544 e.
1259 1498 1291 1561 q.
1315 1497 1342 1543 s.
1366 1471 1459 1554 Qua·

339 1611 490 1694 propter
511 1607 779 1677 Buechelerum
797 1605 874 1677 rem
898 1631 967 1676 acu
990 1608 1154 1695 tetigisse
1179 1607 1351 1690 arbitror,
1376 1629 1471 1674 cum·

341 1741 489 1810 diceret*
509 1763 574 1826 pro
601 1740 717 1827 „non”
741 1740 897 1810 fortasse
914 1740 1112 1828 legendum
1136 1762 1214 1810 esse
1239 1740 1457 1828 „nostrum’'.

340 1873 444 1944 Unus
479 1873 568 1942 mihi
602 1878 718 1943 restat
753 1876 944 1961 scrupulus
974 1876 1012 1944 in
1042 1876 1093 1945 eis
1117 1875 1238 1945 verbis
1262 1897 1357 1961 quae
1379 1893 1458 1960 pro·

341 2007 438 2076 xime
472 2007 632 2076 laudavi.
669 2006 861 2089 Quomodo
897 2013 982 2077 sunl
1016 2009 1230 2094 accipienda
1262 2031 1306 2077 ea
1329 2007 1458 2089 verba,

342 2164 414 2226 qua
425 2144 510 2210 suni
525 2144 583 2228 „et
594 2141 710 2227 ipsi''‘?
723 2140 761 2210 Si
774 2143 862 2227 quid
875 2142 993 2228 vide0‚
1005 2142 1110 2211 nobis
1122 2142 1256 2211 indicio
1270 2144 1364 2226 suni,
1374 2143 1460 2210 ante

341 2275 436 2343 hano
459 2269 679 2344 sententiam
699 2275 876 2345 excidisse
896 2277 1073 2344 nonnulla
1093 2275 1284 2360 vocabula,
1305 2297 1459 2361 quorum

342 2429 483 2478 summa
498 2407 591 2476 haec
604 2413 716 2477 ossei:
732 2407 865 2495 „Giton
877 2409 1010 2478 timore
1020 2409 1235 2495 perterritus
1249 2408 1459 2494 expalluit.’'

341 2538 436 2609 Nam
456 2545 604 2626 praeter
621 2545 766 2611 nostros
786 2546 860 2611 tres
872 2542 1038 2612 homines
1050 2564 1168 2628 nem0‚
1182 2527 1277 2629 quod
1291 2541 1458 2628 sciamus,

341 2673 378 2742 in
403 2674 574 2743 convivio
599 2675 728 2743 aderat
753 2677 790 2743 el
812 2674 849 2742 in
872 2678 1044 2760 promptu
1068 2675 1373 2760 manifestumque
1394 2677 1458 2759 ast,

342 2799 597 2892 Ascyltum'et
619 2807 836 2893 Encolpium
859 2807 1012 2876 indicari
1037 2808 1088 2877 eis
1112 2808 1250 2893 verbis,
1273 2807 1459 2893 dequibus

342 2940 494 3026 agimus,
520 2940 660 3010 Verum
677 3005 678 3012 ,
693 2944 779 3009 utut
808 2941 901 3010 haec
931 2963 988 3009 res
1011 2963 1050 3010 se
1073 2941 1202 3022 habet,
1226 2963 1300 3010 non
1322 2944 1459 3010 temere

342 3073 518 3142 convivas
543 3074 762 3159 expalluisse
782 3074 917 3143 docent
936 3097 980 3143 ea
1000 3073 1122 3159 verba,
1143 3098 1237 3161 quae
1249 3078 1459 3161 sequuntur,

341 3227 428 3274 nam
471 3228 574 3292 „sera
609 3199 692 3276 sua'
710 3211 839 3293 sponte
875 3208 1025 3293 delapsa
1058 3209 1191 3276 cecidit
1224 3209 1459 3294 reclusaeque

342 3337 463 3409 subito
486 3332 584 3408 fores
609 3335 834 3409 admiserunt
857 3341 1089 3409 intrantem.’'
1112 3341 1184 3409 Hic
1209 3345 1324 3410 artem
1348 3340 1460 3427 magi-

343 3465 430 3539 cam
448 3472 670 3542 intervenire
692 3469 874 3542 neminem
893 3474 999 3560 fugit.
1020 3473 1107 3556 Quis
1127 3477 1250 3544 aulem
1265 3477 1460 3560 estmagus

341 3603 421 3689 ille,
446 3605 505 3672 cui
528 3597 691 3690 potestas
716 3606 804 3676 data
828 3610 979 3686 estnon
1002 3607 1120 3675 solum
1142 3607 1268 3676 lunam
1291 3607 1337 3674 de
1356 3605 1459 3676 caelo

343 3729 564 3823 deducendi,
599 3738 663 3806 sed
699 3739 809 3807 aliam
844 3739 991 3807 ianuam
1026 3740 1230 3825 reserandi,
1266 3762 1349 3808 cum
1383 3737 1459 3825 ipse

342 3868 431 3938 foris
463 3863 582 3938 esset?
609 3869 781 3958 „Mulier”
805 3911 848 3920 -
872 3872 926 3941 ita
949 3872 1044 3941 enim
1068 3873 1223 3958 legimus
1246 3914 1290 3922 —
1315 3849 1459 3960 „aulem

343 4003 423 4068 erat
457 4006 586 4087 operio
611 3987 749 4088 capite,
773 4004 838 4072 illa
861 4005 1001 4074 scilicet
1023 4027 1116 4091 quae
1135 4006 1246 4091 paulo
1267 4009 1353 4074 anic
1377 4029 1458 4074 cum

342 4127 485 4203 rustico
515 4137 701 4204 staterai.'’
738 4133 852 4218 Quae
871 4139 983 4207 verba
1005 4139 1096 4207 mire
1120 4139 1353 4208 consentiunt
1377 4162 1459 4210 oum
