3322 5290
172 697 254 743 sum
289 678 327 744 et
361 677 403 743 ut
436 696 560 760 spem,
595 695 669 744 non
697 673 890 743 humillimi
922 673 1086 760 spirituc,
1118 674 1148 744 si
1179 675 1289 744 modo

173 809 319 878 coronis
346 808 483 895 aliquid
507 809 728 878 credendum
752 811 824 894 est,
849 831 938 894 quas
962 807 1073 877 etiam
1098 807 1143 876 ad
1167 807 1290 876 imme·

171 942 263 1012 ritos
295 943 437 1012 deferre
460 942 581 1028 gratia
604 942 738 1028 solet,”
764 965 896 1030 „quare
916 943 1026 1029 ergo''
1048 942 1167 1028 inquis
1192 946 1288 1030 „tam

172 1075 268 1144 male
305 1076 459 1145 vestitus
491 1076 577 1145 es?”
608 1079 759 1162 propter
779 1077 852 1146 hoc
874 1077 1001 1162 ipsum.
1028 1099 1132 1147 amor
1152 1077 1288 1164 ingenii

171 1210 353 1278 neminem
399 1232 559 1295 unquam
605 1210 757 1279 divitem
802 1209 925 1278 fecit.''
970 1209 1111 1279 Deinde
1152 1210 1289 1297 ingenii

171 1341 355 1426 specimen
379 1341 483 1411 nobis
507 1342 586 1428 dat,
610 1342 707 1411 unde
731 1363 952 1429 cognoscere
972 1363 1163 1428 possumus
1174 1342 1288 1412 facul·

170 1477 288 1543 tatem
319 1474 396 1545 eius
427 1498 472 1544 ex
503 1479 668 1561 tempore
692 1475 849 1561 optimos
873 1498 998 1546 versus
1022 1477 1165 1546 dicendi
1188 1478 1288 1547 haud

171 1631 324 1694 parvam
370 1608 491 1679 fuisse.
535 1606 631 1677 Sunt
672 1607 768 1677 enim
803 1630 930 1678 versus
963 1609 1124 1695 optimae
1158 1614 1286 1697 notae,

172 1741 301 1828 quibus
344 1741 579 1828 conqueritur
620 1740 850 1827 iniquitatem
886 1742 1018 1812 aetatis
1053 1765 1158 1828 suae,
1194 1765 1287 1828 quae

170 1874 334 1943 debitum
381 1896 425 1942 ac
467 1874 637 1944 meritum
678 1874 854 1944 honorem
887 1875 1005 1959 poetis
1038 1897 1112 1944 non
1145 1876 1285 1945 reddat.

171 2008 295 2078 Verba
328 2009 411 2078 illus
448 2008 617 2076 carminis
652 2011 729 2076 tam
763 2009 955 2094 perspicua
989 2012 1090 2094 sunt,
1122 2011 1163 2076 ut
1196 2009 1286 2077 nihil

170 2165 261 2229 opus
285 2144 333 2212 sit
355 2143 491 2212 diutius
515 2142 552 2211 in
573 2143 624 2212 eis
638 2142 866 2243 commorari.
880 2141 974 2211 Tum
986 2142 1108 2211 soluta
1119 2142 1286 2212 oratione

170 2276 323 2346 eandem
347 2275 469 2345 tundit
491 2276 671 2344 incudem.
698 2274 823 2362 „Non”
847 2274 967 2360 inquit
991 2274 1120 2361 „dubie
1139 2274 1193 2343 ita
1212 2279 1284 2344 est:

169 2408 198 2477 si
234 2408 313 2494 quis
348 2407 521 2477 vitiorum
553 2409 714 2477 omnium
738 2408 905 2477 inimicus
928 2412 1069 2478 rectum
1093 2408 1163 2477 iter
1185 2408 1285 2478 vitae

170 2541 291 2627 coepit
313 2541 496 2627 insistere,
520 2542 674 2627 primum
700 2545 850 2628 propter
872 2563 1014 2610 morum
1038 2541 1284 2611 differentiam

169 2674 292 2743 odium
338 2674 468 2759 habet,
512 2675 591 2760 quis
635 2676 730 2743 enim
766 2677 888 2760 potest
923 2674 1079 2761 probare
1114 2675 1284 2745 diversa?

168 2807 298 2876 deinde
323 2808 383 2892 qui
407 2808 504 2877 solas
529 2811 698 2876 extruere
722 2808 870 2876 divitias
890 2810 1030 2893 curant,
1050 2807 1141 2876 nihil
1154 2807 1284 2877 volunt
1342 2877 1347 2886 ,

168 2939 264 3008 inter
296 2940 462 3008 homines
495 2941 623 3009 melius
651 2941 767 3025 credi,
796 2963 905 3026 quam
926 2942 1022 3026 quod
1046 2941 1123 3026 ipse
1147 2945 1282 3011 tenent.

170 3076 395 3141 insectantur
428 3073 570 3158 itaque,
595 3095 811 3158 quacunque
831 3073 973 3142 ratione
997 3078 1165 3160 possunt,
1188 3076 1283 3145 litte-

60 3237 62 3242 ’
168 3229 290 3274 rarum
314 3209 516 3291 amatores,
541 3210 581 3276 ut
605 3206 800 3276 videantur
824 3206 876 3274 illi
903 3229 1046 3293 quoque
1068 3209 1165 3278 inira
1177 3232 1283 3295 pecu·

166 3340 265 3408 niam
297 3340 440 3426 positi.”
471 3340 538 3408 Est
567 3341 738 3409 nimirum
762 3363 819 3410 res
842 3340 991 3410 minoris
1010 3342 1196 3428 momenti,
1220 3343 1283 3412 sed

167 3475 289 3542 tamen
313 3473 441 3558 paucis
466 3495 753 3542 commemorare
773 3473 858 3542 volo
878 3497 937 3543 me
956 3496 1103 3560 prorsus
1115 3475 1283 3545 assentiri

166 3605 394 3674 Buechelero
408 3637 410 3641 ’
426 3606 621 3675 ascribenti
651 3607 697 3674 ad
722 3629 865 3675 versum
890 3607 1137 3676 undecimum:
1164 3608 1281 3695 „malo

62 3808 70 3822 ,
165 3739 251 3808 illae
282 3742 320 3807 et
342 3739 506 3824 positae”
534 3743 571 3807 et
594 3739 717 3807 mirari
742 3762 853 3824 quare
878 3740 934 3807 vir
957 3739 1177 3810 clarissimus
1202 3763 1282 3809 eam

166 3872 459 3942 emendationem
491 3895 564 3941 non
592 3871 629 3939 in
654 3874 867 3941 contextum
890 3873 1079 3958 receperit.
1105 3872 1283 3960 Coarguit

165 4005 366 4091 Eumolpus
412 4027 622 4090 perversam
670 4005 769 4074 vitae
815 4005 1060 4074 instituendae
1100 4005 1281 4074 rationem

165 4161 309 4225 eorum,
345 4140 406 4225 qui
441 4139 532 4207 nihil
562 4139 599 4206 in
631 4138 709 4206 vita
732 4138 915 4223 antiquius
940 4138 1148 4207 existiment
1172 4161 1279 4224 quam

1155 4277 1170 4324 4
