3322 5290
877 429 920 496 52

335 661 482 748 legerit,
514 661 555 734 id
589 660 724 729 infitias
759 663 829 728 eat.
866 658 989 729 Unum
1024 661 1079 726 est
1112 657 1330 740 remedium,
1355 657 1452 742 quod

336 795 424 864 satis
458 795 494 863 in
527 797 698 880 promptu
728 796 783 862 est
805 813 922 877 neque
946 813 1081 878 magna
1104 812 1216 876 opera
1238 789 1388 876 indiget.
1413 788 1451 858 Si

337 926 432 996 enim
474 927 708 1014 negationem
741 926 920 1010 delemus,
957 924 1075 993 oritur
1108 924 1307 1008 sententia,
1343 945 1452 1009 quam

335 1059 548 1146 intellegere
576 1063 675 1129 certe
698 1059 886 1144 possimus.
911 1057 1001 1126 Mihi
1028 1079 1115 1126 vero
1139 1056 1209 1125 hoo
1233 1056 1452 1139 remedium,

337 1193 503 1278 quamvis
525 1193 624 1278 lene,
649 1214 722 1260 non
747 1192 982 1260 vehementer
1005 1191 1144 1276 placet,
1168 1192 1279 1258 immo
1299 1189 1453 1260 fortiore

337 1327 604 1395 medicamento
639 1325 700 1393 hic
735 1346 825 1409 opus
860 1346 938 1393 esse
973 1325 1091 1392 oredo.
1129 1322 1246 1405 Quam
1279 1323 1453 1410 languide

337 1459 432 1528 enim
456 1459 675 1528 dictasunt:
699 1462 757 1545 „et
776 1458 885 1544 plane
905 1458 977 1525 iam
990 1457 1186 1526 molestum
1198 1457 1453 1526 eratmunus.''

336 1593 460 1679 Ipsum
485 1592 706 1662 vocabulum
729 1591 820 1660 illud
846 1590 961 1679 „iam”
986 1591 1074 1658 mihi
1098 1595 1154 1660 est
1175 1591 1321 1676 indicio,
1345 1613 1453 1678 nega·

337 1725 474 1794 tionem
510 1725 728 1794 servandam
764 1746 851 1793 esse.
887 1725 1001 1793 Porro
1026 1726 1135 1793 credo
1159 1725 1230 1794 ista
1253 1723 1383 1808 verba,
1407 1725 1453 1793 de

338 1857 467 1943 quibus
502 1858 662 1944 agimus,
697 1880 771 1926 non
806 1879 883 1926 esse
909 1857 1021 1925 verba
1043 1855 1214 1941 Eumolpi
1237 1855 1453 1925 fabulatoris

337 1991 469 2076 nostri,
506 1992 568 2060 sed
603 1991 865 2060 formosissimo
900 2011 1014 2075 puero
1039 1988 1259 2074 assignanda
1282 2010 1377 2074 esse,
1400 1988 1455 2056 ita

337 2128 461 2193 tamen
485 2127 527 2192 ut
549 2124 645 2192 inter
670 2124 748 2211 „et”
774 2128 812 2192 et
836 2123 951 2210 „non”
973 2122 1175 2191 inseramus
1196 2117 1338 2209 „mihi'’.
1359 2122 1455 2189 Puer

337 2257 469 2344 igitur,
497 2257 525 2325 si
551 2256 678 2342 opinio,
697 2279 780 2324 mea
803 2279 892 2324 vera
916 2260 987 2335 est,
1011 2256 1103 2323 haec
1127 2254 1233 2323 dicit:
1259 2255 1454 2341 „numquid

339 2389 419 2458 vis?
455 2394 492 2458 et
527 2389 614 2456 mihi
646 2412 718 2458 non
741 2390 850 2474 plane
873 2389 946 2458 iam
971 2391 1164 2458 molestum
1189 2394 1268 2456 erat
1292 2409 1421 2455 munus
1436 2387 1454 2414 ’³

338 2525 398 2592 lta
421 2525 566 2592 demum
591 2523 704 2592 verba
727 2522 791 2590 illa
817 2527 1022 2609 „utcunque
1045 2522 1178 2609 igitur”
1204 2545 1232 2590 e.
1254 2542 1286 2610 q.
1307 2543 1333 2590 s.
1354 2523 1455 2588 recte

339 2657 526 2743 excipiunt
567 2681 628 2743 ea,
671 2678 765 2745 quae
807 2657 1041 2741 praecedunt.
1082 2657 1241 2725 Tantum
1276 2655 1380 2724 abest
1415 2657 1456 2722 ut

338 2791 536 2876 Encolpius
559 2791 685 2860 fabula
708 2790 772 2858 illa
795 2789 938 2858 Milesia
961 2791 1210 2858 absterreatur
1230 2792 1455 2858 uconsuctu-

341 2925 425 2993 dine
460 2925 554 2993 senis
590 2925 700 2992 modo
736 2923 892 3010 cogniti,
930 2929 969 2992 ut
1002 2925 1093 2992 mire
1125 2947 1169 2993 ea
1191 2925 1394 2992 delectetur
1418 2927 1455 2991 ct

339 3059 463 3127 statim
499 3081 599 3144 eum,
624 3058 685 3146 qui
709 3058 890 3140 narravit,
914 3061 956 3125 ut
980 3057 1253 3142 prudentiorem
1277 3059 1322 3126 de
1345 3057 1456 3125 variis

339 3191 446 3260 rebus
484 3193 672 3260 consulere
708 3192 894 3276 instituat,
932 3192 977 3259 de
1012 3190 1193 3259 aetatibus
1228 3190 1454 3275 tabularum,

339 3326 385 3393 de
431 3324 647 3412 quibusdam
681 3326 906 3412 argumentis
941 3324 1007 3392 sibi
1043 3323 1222 3410 obscuris,
1258 3324 1303 3392 de
1338 3324 1456 3392 causis

340 3461 489 3542 propter
534 3478 625 3545 quas
672 3461 768 3526 artes
810 3457 978 3526 liberales
1014 3456 1245 3543 evanuerint,
1281 3455 1456 3541 imprimis

340 3591 494 3676 pictura.
526 3591 754 3676 Responsum
785 3591 874 3674 fert,
895 3591 995 3678 'quod
1021 3613 1104 3658 cnm
1128 3588 1321 3676 singularis
1345 3589 1456 3696 soien-

283 3783 286 3792 .
340 3725 415 3793 tiae
450 3728 528 3792 tum
560 3724 782 3793 admirabilis
807 3723 983 3792 acuminis
1008 3728 1073 3794 est.
1098 3723 1228 3793 Omnia
1253 3724 1365 3792 verba
1388 3722 1457 3790 Ilu-

341 3839 464 3942 molpi,
489 3858 535 3925 ad
560 3857 726 3926 ultimam
751 3857 1003 3944 quaestionem
1029 3856 1259 3941 pertinentia,
1282 3856 1355 3923 huo
1379 3855 1457 3923 red-

342 3995 447 4074 eunt,
484 3992 562 4058 auri
597 4013 739 4060 sacram
763 3991 898 4059 famem
914 4013 1000 4066 ¹esse
1024 3995 1213 4058 auctorem
1238 3989 1334 4057 illius
1359 3987 1455 4056 mali.

344 4123 447 4212 „Noli
483 4146 570 4211 ergo
605 4124 751 4191 mirari'
786 4164 829 4171 —
864 4124 915 4192 sic
942 4123 1105 4211 loquitur
1129 4121 1195 4190 sub
1217 4123 1326 4189 finem
1350 4119 1456 4188 huius
