3322 5290
705 425 747 492 39

163 677 241 723 csse
258 677 383 723 veram
393 708 402 739 ,
414 657 610 741 propterea
628 656 724 740 quod
737 655 844 726 nimis
857 657 1011 742 simplex
1023 656 1109 724 mihi
1124 656 1278 735 videtur,

163 787 233 856 etsi
268 787 448 872 eonced0,
480 788 699 859 sententiam
729 792 829 858 recte
861 811 899 859 se
922 789 1066 858 habere.
1092 789 1281 874 Paulisper

163 920 327 1008 cogitavi
362 921 408 990 de
444 943 535 990 voce
567 921 851 1008 „dissonantem”
881 945 999 1008 neque
1023 922 1158 1009 habeo,
1183 923 1280 1008 quod

163 1076 246 1124 eam
281 1055 530 1124 coniecturam
561 1056 753 1141 reticeam,
785 1056 870 1141 quia
901 1055 989 1125 mihi
1014 1056 1159 1124 videtur
1181 1059 1280 1125 recte

162 1189 357 1258 concinere
381 1212 464 1258 cum
486 1189 604 1258 verbis
623 1190 694 1258 illis
716 1190 1139 1277 „puerumdividamus”,
1152 1189 1281 1276 quibus

162 1324 235 1392 hac
271 1344 361 1392 voce
396 1324 645 1409 respondetur.
678 1323 841 1394 Videant
881 1324 944 1393 alii
972 1324 1158 1410 possintne
1192 1322 1282 1391 mihi

163 1459 350 1544 assentiri,
386 1480 474 1545 ergo
507 1458 636 1534 inutile
669 1481 746 1528 asse
770 1459 928 1528 arbitror
950 1457 1056 1543 plura
1079 1457 1214 1526 addere
1237 1457 1282 1525 de

163 1593 450 1680 significatione,
482 1611 591 1678 quam
615 1593 729 1661 habet
750 1592 972 1661 vocabulum
998 1591 1221 1679 „dissecare”
1246 1594 1283 1658 et

164 1748 259 1811 quac
281 1725 389 1811 lippis
413 1748 457 1794 ac
481 1725 688 1794 tonsoribus
712 1729 802 1794 nota
825 1729 889 1794 est.

210 1857 281 1928 Sed
316 1861 358 1927 ut
389 1863 618 1928 revertamur
645 1860 690 1928 ad
716 1859 1005 1929 controversiam
1029 1859 1123 1927 inter
1146 1857 1283 1925 amicos

164 1998 294 2064 ortam.
328 1994 443 2077 Quem
466 1994 579 2063 habet
602 1993 769 2062 exitum?
793 1992 985 2079 AscyltuS,
1009 1991 1064 2061 sui
1087 1991 1175 2060 iuris
1198 1990 1283 2060 reti-

164 2150 269 2212 nenS,
306 2127 462 2196 alterum
497 2127 543 2196 ad
579 2130 764 2196 certamen
796 2127 979 2214 singulare
1010 2129 1200 2212 provocat.
1232 2124 1285 2193 At

165 2261 382 2347 Encolpium
405 2260 523 2346 ipsum
547 2264 758 2329 narrantem
782 2261 1014 2330 inducamus:
1040 2264 1102 2346 „at
1124 2261 1187 2363 ille
1210 2260 1284 2348 gla-

164 2395 263 2464 dium
287 2395 495 2480 parricidali
521 2418 633 2463 manu
656 2395 804 2464 strinxit
822 2395 1285 2481 at„nonfrucris’',inquit,

166 2531 258 2615 „hac
300 2531 454 2616 praeda,
491 2553 600 2616 super
635 2553 744 2616 quam
779 2530 877 2599 solus
911 2530 1107 2616 incumbiS,
1142 2533 1285 2616 partem

166 2687 285 2733 meam
298 2687 445 2734 necessa
462 2667 518 2734 est
529 2664 589 2734 vel
601 2665 672 2733 hoc
684 2664 808 2752 gladio
822 2668 1053 2750 contemptus
1066 2663 1285 2733 abscidam.”

167 2799 250 2868 Duo
275 2798 405 2867 ultima
429 2799 543 2868 verba
565 2784 742 2868 debemus
764 2800 1003 2884 Buechelero,
1017 2799 1098 2868 libri
1113 2798 1286 2868 exhibent

168 2936 384 3017 „contentus
415 2931 658 3002 abscindam''.
695 2933 824 3003 Virum
856 2931 1095 3002 clarissimum
1115 2955 1192 3002 rem
1216 2955 1286 3001 acu

167 3065 331 3152 tetigisse
356 3066 442 3133 mihi
468 3089 681 3151 persuasum
705 3070 761 3135 est
783 3090 868 3135 nam
889 3089 1006 3153 neque
1025 3067 1128 3135 locus
1151 3066 1211 3134 hic
1231 3067 1287 3135 est

169 3199 280 3268 verbo
312 3200 552 3284 „contentus”
576 3204 614 3268 et
636 3199 760 3287 gladio
785 3199 921 3286 aliquid
945 3222 1019 3269 non
1043 3199 1285 3285 abscinditur,

169 3333 229 3402 sed
265 3333 473 3402 absciditur.
497 3332 753 3402 Libentissime
778 3333 899 3402 animo
925 3334 1001 3432 eius
1025 3333 1286 3403 auctoritatem

169 3488 299 3553 sequor
333 3467 396 3536 sed
431 3489 488 3535 res
521 3466 610 3535 mihi
640 3468 803 3536 nondum
827 3467 997 3536 confecta
1021 3490 1098 3537 esse
1123 3467 1286 3552 videtur,

169 3624 251 3670 nam
272 3605 396 3670 cetera
415 3622 558 3686 quoque
572 3600 684 3669 verba
695 3600 803 3669 huius
816 3600 1018 3669 sententiae
1031 3601 1129 3670 omni
1142 3600 1288 3670 macula

170 3758 245 3805 esse
267 3735 399 3820 libera,
423 3735 642 3820 persuadere
665 3733 752 3802 mihi
777 3755 850 3803 non
869 3756 1026 3820 possum.
1041 3733 1134 3816 Quid
1160 3757 1287 3820 expec-

170 3870 287 3937 tamus
322 3868 516 3954 Ascyltum
551 3891 629 3938 esse
664 3869 865 3950 dicturum,
899 3869 958 3937 vel
989 3869 1111 3954 potius
1135 3869 1287 3954 quidex

170 4025 287 4070 rerum
308 4003 435 4072 ordine
459 4003 622 4088 sequitur
645 4027 725 4072 eum
751 4003 934 4072 dicturum
954 4002 1057 4072 esse?
1077 4003 1134 4070 Ex
1146 4003 1288 4073 duabus

172 4127 285 4205 rebus¹
311 4135 404 4223 elige
432 4135 607 4222 alteram,
631 4140 696 4204 aut
725 4159 807 4204 oum
833 4135 930 4205 bona
954 4137 1075 4222 gratia
1098 4136 1184 4205 mihi
1209 4159 1289 4222 par·
