3322 5290
721 463 761 529 13

223 693 437 762 Fortissima
469 716 581 762 manu
616 694 770 762 cellulae
802 693 963 760 claustra
993 691 1144 760 discut't
1167 693 1205 760 et
1227 691 1295 759 En·

176 827 339 912 colpium
363 830 400 896 et
423 827 596 897 Gitonem
618 829 657 895 in
677 807 875 896 manifesto
892 826 1029 896 scelere
1046 826 1294 911 deprehendit.

177 960 270 1030 Cum
317 962 388 1030 risu
427 964 465 1031 ct
498 962 629 1046 plausu
660 959 838 1045 Encolpio
870 960 963 1027 haec
995 957 1108 1027 verba
1138 958 1297 1044 iniungit

178 1095 287 1181 „quid
329 1094 483 1180 agebas,
518 1094 633 1162 frater
668 1092 912 1177 sanctissime,
948 1091 1009 1178 qui
1044 1091 1177 1160 diverti
1212 1112 1296 1159 con-

175 1227 386 1298 tubernium
419 1227 558 1295 facis?''
594 1225 695 1309 Quae
730 1226 861 1295 ultima
893 1224 1008 1294 verba
1032 1223 1199 1309 equidem
1222 1245 1296 1292 non

176 1360 363 1446 intellego
396 1359 490 1428 Sunt
521 1359 634 1428 verba
664 1383 687 1428 a
709 1359 937 1428 Buechelero
963 1357 1131 1426 coniecta
1153 1360 1192 1426 et
1215 1356 1322 1425 sub·⁴

177 1492 310 1561 stituta
332 1493 370 1563 in
395 1494 517 1562 locum
541 1493 737 1562 verborum
762 1493 983 1561 traditorum
1009 1491 1116 1578 „quid
1141 1491 1192 1558 .i.
1218 1512 1296 1559 ver·

176 1625 521 1696 ticontubernium.’'
555 1626 659 1696 Unus
691 1628 728 1694 et
752 1625 846 1693 alter
869 1625 926 1692 vir
949 1625 1080 1693 doctus
1103 1623 1189 1692 huic
1211 1623 1295 1691 loco

179 1762 352 1844 corrupto
387 1759 524 1828 mederi
557 1761 710 1828 conatus
742 1760 796 1828 est
829 1761 866 1826 et
889 1758 1015 1826 variae
1038 1757 1214 1826 lectiones
1238 1779 1296 1826 ex-

178 1892 365 1994 cogitatae
401 1895 493 1962 sunt.
528 1891 566 1961 Si
598 1889 684 1960 mihi
716 1892 805 1960 licet
826 1912 978 1960 numero
1003 1891 1296 1960 coniecturarum

178 2049 288 2095 unam
313 2027 465 2111 addere,
488 2027 585 2094 hanc
607 2026 804 2096 lectionem
827 2045 1030 2110 proponere
1050 2024 1160 2093 velim
1182 2021 1296 2111 „Quid

177 2159 412 2228 interdictum
434 2160 712 2229 contubernium
732 2158 871 2228 facis?''
889 2157 990 2240 Quae
1010 2157 1124 2226 verba
1142 2157 1180 2225 in
1199 2156 1297 2224 hunc

178 2315 322 2361 sensum
354 2293 569 2378 accipienda
599 2296 702 2361 sunt:
730 2291 819 2379 „Qui
843 2292 910 2360 tibi
934 2291 1094 2360 venitin
1118 2293 1295 2375 mentem,

179 2429 221 2494 ut
253 2449 328 2494 una
362 2427 466 2495 vivas
503 2449 584 2495 cum
622 2426 757 2496 Gitone
793 2448 836 2494 eo
869 2426 998 2511 mode,
1030 2447 1101 2511 quo
1133 2424 1200 2492 tibi
1221 2445 1296 2492 non

177 2559 313 2627 licet‘?”
344 2559 519 2644 Ascyltos
541 2559 710 2627 iniuriam
735 2562 925 2644 acceptam
949 2581 1023 2627 non
1047 2557 1211 2627 continet
1233 2557 1296 2626 sed

179 2713 202 2759 a
237 2692 357 2761 verbis
391 2694 439 2761 ad
470 2692 542 2759 vim
569 2692 797 2761 convertitur
820 2697 857 2760 et
881 2693 1040 2761 amicum
1062 2692 1196 2760 falsum
1219 2713 1296 2758 ver·

178 2823 293 2892 barat.
329 2823 453 2893 Nihilo
489 2825 607 2901 minus
642 2848 715 2910 pax
748 2826 843 2894 inter
867 2847 928 2894 eos
952 2824 1212 2893 reconciliatur
1233 2825 1295 2892 sed

180 2959 362 3043 quomodo
386 2959 457 3027 hoc
480 2960 547 3027 fiat
569 2963 607 3028 et
631 2959 760 3044 quibus
785 2959 1076 3043 condicionibus,
1101 2957 1204 3026 nobis
1223 2978 1296 3026 non

179 3090 337 3158 traditur
371 3093 434 3160 sed
469 3115 508 3161 re
543 3115 631 3161 vera
664 3115 794 3178 paoem
825 3091 994 3177 componi
1030 3114 1076 3161 ex
1106 3091 1175 3177 eis,
1204 3112 1296 3178 quae

180 3225 263 3307 post
293 3223 464 3293 lacunam
487 3230 698 3311 sequuntur,
723 3225 870 3300 efficere
893 3248 1102 3311 possumus,
1126 3225 1176 3294 ibi
1200 3226 1317 3294 enim-

180 3356 317 3426 amicos
345 3381 418 3426 una
440 3359 477 3426 in
501 3359 621 3427 forum
647 3360 907 3428 descendentes
931 3359 1097 3428 videmus
1122 3360 1178 3446 „in
1202 3359 1296 3445 qu0”

179 3529 224 3536 —
259 3492 343 3557 sunt
380 3491 494 3560 verba
524 3493 686 3562 Petronii
717 3533 761 3540 —
794 3492 1023 3578 „notavimus
1054 3493 1297 3578 frequentiam

179 3645 301 3691 rerum
326 3625 529 3710 venalium,
552 3647 626 3694 non
651 3625 796 3710 quidem
820 3626 1063 3711 pretiosarum
1087 3626 1148 3694 sed
1173 3605 1297 3694 tamen

180 3777 333 3841 quarum
364 3757 474 3826 fidem
504 3759 600 3826 male
625 3759 873 3828 ambulantem
897 3759 1099 3828 obscuritas
1124 3759 1297 3844 temporis

178 3888 353 3958 facillime
387 3891 562 3977 tegeret.'’
599 3890 779 3968 Nimirum
812 3891 1075 3977 unusquisque,
1112 3891 1171 3976 qui
1202 3892 1299 3959 hanc

178 4021 396 4091 sententiam
432 4022 548 4109 leget³
583 4023 822 4091 exclamabit:
859 4023 975 4108 „Quid
1011 4027 1067 4093 est
1088 4024 1178 4094 fides
1202 4025 1298 4094 male

179 4152 418 4222 ambulans?''
441 4153 568 4239 Neque
597 4153 742 4239 dubito,
768 4155 853 4239 quin
873 4155 1045 4239 permulti
1056 4156 1299 4242 interroganti
